PokerStars Hand #257124031145: Tournament #3912519499, $4.80+$5.00+$1.20 USD Hold'em No Limit - Level III (25/50) - 2025/07/28 14:25:33 BRT [2025/07/28 13:25:33 ET]
Table '3912519499 29' 8-max Seat #8 is the button
Seat 1: nikemon514 (181 in chips, $5 bounty) 
Seat 2: zeba193 (5215 in chips, $5 bounty) 
Seat 3: Apple27285 (6229 in chips, $5 bounty) 
Seat 4: vladinski4 (5005 in chips, $5 bounty) 
Seat 5: perrynell (4566 in chips, $5 bounty) 
Seat 6: go10JQKA (4536 in chips, $5 bounty) 
Seat 7: Gabrielfs13 (5000 in chips, $5 bounty) 
Seat 8: Thiago Wks. (5491 in chips, $5 bounty) 
nikemon514: posts the ante 6
zeba193: posts the ante 6
Apple27285: posts the ante 6
vladinski4: posts the ante 6
perrynell: posts the ante 6
go10JQKA: posts the ante 6
Gabrielfs13: posts the ante 6
Thiago Wks.: posts the ante 6
nikemon514: posts small blind 25
zeba193: posts big blind 50
*** HOLE CARDS ***
Dealt to Gabrielfs13 [6d Jd]
Apple27285: raises 50 to 100
vladinski4: folds 
perrynell: folds 
go10JQKA: folds 
Gabrielfs13: folds 
Thiago Wks.: folds 
nikemon514: raises 75 to 175 and is all-in
zeba193: calls 125
Apple27285: calls 75
*** FLOP *** [Ad 9h 5h]
zeba193: checks 
Apple27285: bets 198
zeba193: calls 198
*** TURN *** [Ad 9h 5h] [Th]
zeba193: checks 
Apple27285: checks 
*** RIVER *** [Ad 9h 5h Th] [5c]
zeba193: checks 
Apple27285: checks 
*** SHOW DOWN ***
zeba193: shows [Ac 3h] (two pair, Aces and Fives)
Apple27285: mucks hand 
zeba193 collected 396 from side pot
nikemon514: mucks hand 
zeba193 collected 573 from main pot
zeba193 wins $2.50 for eliminating nikemon514 and their own bounty increases by $2.50 to $7.50
nikemon514 finished the tournament
*** SUMMARY ***
Total pot 969 Main pot 573. Side pot 396. | Rake 0 
Board [Ad 9h 5h Th 5c]
Seat 1: nikemon514 (small blind) mucked [Kc Tc]
Seat 2: zeba193 (big blind) showed [Ac 3h] and won (969) with two pair, Aces and Fives
Seat 3: Apple27285 mucked [Jc 8d]
Seat 4: vladinski4 folded before Flop (didn't bet)
Seat 5: perrynell folded before Flop (didn't bet)
Seat 6: go10JQKA folded before Flop (didn't bet)
Seat 7: Gabrielfs13 folded before Flop (didn't bet)
Seat 8: Thiago Wks. (button) folded before Flop (didn't bet)



PokerStars Hand #257124044710: Tournament #3912519499, $4.80+$5.00+$1.20 USD Hold'em No Limit - Level III (25/50) - 2025/07/28 14:26:38 BRT [2025/07/28 13:26:38 ET]
Table '3912519499 29' 8-max Seat #2 is the button
Seat 2: zeba193 (5805 in chips, $7.50 bounty) 
Seat 3: Apple27285 (5850 in chips, $5 bounty) 
Seat 4: vladinski4 (4999 in chips, $5 bounty) 
Seat 5: perrynell (4560 in chips, $5 bounty) 
Seat 6: go10JQKA (4530 in chips, $5 bounty) 
Seat 7: Gabrielfs13 (4994 in chips, $5 bounty) 
Seat 8: Thiago Wks. (5485 in chips, $5 bounty) 
zeba193: posts the ante 6
Apple27285: posts the ante 6
vladinski4: posts the ante 6
perrynell: posts the ante 6
go10JQKA: posts the ante 6
Gabrielfs13: posts the ante 6
Thiago Wks.: posts the ante 6
Apple27285: posts small blind 25
vladinski4: posts big blind 50
*** HOLE CARDS ***
Dealt to Gabrielfs13 [Kd Ks]
perrynell: raises 100 to 150
go10JQKA: folds 
Gabrielfs13: raises 450 to 600
Thiago Wks.: folds 
zeba193: folds 
Apple27285: folds 
vladinski4: folds 
perrynell: raises 3954 to 4554 and is all-in
Gabrielfs13: calls 3954
*** FLOP *** [Qc 4d 7d]
*** TURN *** [Qc 4d 7d] [9c]
*** RIVER *** [Qc 4d 7d 9c] [5h]
*** SHOW DOWN ***
perrynell: shows [Ah Ad] (a pair of Aces)
Gabrielfs13: shows [Kd Ks] (a pair of Kings)
perrynell collected 9225 from pot
*** SUMMARY ***
Total pot 9225 | Rake 0 
Board [Qc 4d 7d 9c 5h]
Seat 2: zeba193 (button) folded before Flop (didn't bet)
Seat 3: Apple27285 (small blind) folded before Flop
Seat 4: vladinski4 (big blind) folded before Flop
Seat 5: perrynell showed [Ah Ad] and won (9225) with a pair of Aces
Seat 6: go10JQKA folded before Flop (didn't bet)
Seat 7: Gabrielfs13 showed [Kd Ks] and lost with a pair of Kings
Seat 8: Thiago Wks. folded before Flop (didn't bet)



PokerStars Hand #257124055559: Tournament #3912519499, $4.80+$5.00+$1.20 USD Hold'em No Limit - Level III (25/50) - 2025/07/28 14:27:31 BRT [2025/07/28 13:27:31 ET]
Table '3912519499 29' 8-max Seat #3 is the button
Seat 2: zeba193 (5799 in chips, $7.50 bounty) 
Seat 3: Apple27285 (5819 in chips, $5 bounty) 
Seat 4: vladinski4 (4943 in chips, $5 bounty) 
Seat 5: perrynell (9225 in chips, $5 bounty) 
Seat 6: go10JQKA (4524 in chips, $5 bounty) 
Seat 7: Gabrielfs13 (434 in chips, $5 bounty) 
Seat 8: Thiago Wks. (5479 in chips, $5 bounty) 
zeba193: posts the ante 6
Apple27285: posts the ante 6
vladinski4: posts the ante 6
perrynell: posts the ante 6
go10JQKA: posts the ante 6
Gabrielfs13: posts the ante 6
Thiago Wks.: posts the ante 6
vladinski4: posts small blind 25
perrynell: posts big blind 50
*** HOLE CARDS ***
Dealt to Gabrielfs13 [Jd 9c]
IvanMasterX is disconnected 
go10JQKA: folds 
Gabrielfs13: folds 
Thiago Wks.: folds 
zeba193: folds 
Apple27285: raises 50 to 100
vladinski4: folds 
perrynell: calls 50
*** FLOP *** [4d Kc 6h]
perrynell: checks 
Apple27285: bets 139
perrynell: folds 
Uncalled bet (139) returned to Apple27285
Apple27285 collected 267 from pot
Apple27285: doesn't show hand 
*** SUMMARY ***
Total pot 267 | Rake 0 
Board [4d Kc 6h]
Seat 2: zeba193 folded before Flop (didn't bet)
Seat 3: Apple27285 (button) collected (267)
Seat 4: vladinski4 (small blind) folded before Flop
Seat 5: perrynell (big blind) folded on the Flop
Seat 6: go10JQKA folded before Flop (didn't bet)
Seat 7: Gabrielfs13 folded before Flop (didn't bet)
Seat 8: Thiago Wks. folded before Flop (didn't bet)



PokerStars Hand #257124065388: Tournament #3912519499, $4.80+$5.00+$1.20 USD Hold'em No Limit - Level III (25/50) - 2025/07/28 14:28:19 BRT [2025/07/28 13:28:19 ET]
Table '3912519499 29' 8-max Seat #4 is the button
Seat 1: IvanMasterX (5000 in chips, $5 bounty) 
Seat 2: zeba193 (5793 in chips, $7.50 bounty) 
Seat 3: Apple27285 (5980 in chips, $5 bounty) 
Seat 4: vladinski4 (4912 in chips, $5 bounty) 
Seat 5: perrynell (9119 in chips, $5 bounty) 
Seat 7: Gabrielfs13 (428 in chips, $5 bounty) 
Seat 8: Thiago Wks. (5473 in chips, $5 bounty) 
IvanMasterX: posts the ante 6
zeba193: posts the ante 6
Apple27285: posts the ante 6
vladinski4: posts the ante 6
perrynell: posts the ante 6
Gabrielfs13: posts the ante 6
Thiago Wks.: posts the ante 6
perrynell: posts small blind 25
Gabrielfs13: posts big blind 50
*** HOLE CARDS ***
Dealt to Gabrielfs13 [2s Tc]
Thiago Wks.: folds 
IvanMasterX: folds 
zeba193: folds 
Apple27285: raises 50 to 100
vladinski4: folds 
perrynell: raises 525 to 625
Gabrielfs13: folds 
Apple27285: folds 
Uncalled bet (525) returned to perrynell
perrynell collected 292 from pot
perrynell: doesn't show hand 
Cryssss18 is disconnected 
*** SUMMARY ***
Total pot 292 | Rake 0 
Seat 1: IvanMasterX folded before Flop (didn't bet)
Seat 2: zeba193 folded before Flop (didn't bet)
Seat 3: Apple27285 folded before Flop
Seat 4: vladinski4 (button) folded before Flop (didn't bet)
Seat 5: perrynell (small blind) collected (292)
Seat 7: Gabrielfs13 (big blind) folded before Flop
Seat 8: Thiago Wks. folded before Flop (didn't bet)



PokerStars Hand #257124074006: Tournament #3912519499, $4.80+$5.00+$1.20 USD Hold'em No Limit - Level III (25/50) - 2025/07/28 14:29:01 BRT [2025/07/28 13:29:01 ET]
Table '3912519499 29' 8-max Seat #5 is the button
Seat 1: IvanMasterX (4994 in chips, $5 bounty) 
Seat 2: zeba193 (5787 in chips, $7.50 bounty) 
Seat 3: Apple27285 (5874 in chips, $5 bounty) 
Seat 4: vladinski4 (4906 in chips, $5 bounty) 
Seat 5: perrynell (9305 in chips, $5 bounty) 
Seat 6: Cryssss18 (5000 in chips) out of hand (moved from another table into small blind)
Seat 7: Gabrielfs13 (372 in chips, $5 bounty) 
Cryssss18 will be allowed to play after the button
IvanMasterX: posts the ante 6
zeba193: posts the ante 6
Apple27285: posts the ante 6
vladinski4: posts the ante 6
perrynell: posts the ante 6
Gabrielfs13: posts the ante 6
Gabrielfs13: posts small blind 25
IvanMasterX: posts big blind 50
*** HOLE CARDS ***
Dealt to Gabrielfs13 [Ah Qc]
zeba193: raises 50 to 100
Apple27285: folds 
vladinski4: folds 
perrynell: folds 
Gabrielfs13: raises 75 to 175
IvanMasterX: folds 
zeba193: calls 75
*** FLOP *** [Ts Qs Ad]
Gabrielfs13: bets 191 and is all-in
zeba193: folds 
Uncalled bet (191) returned to Gabrielfs13
Gabrielfs13 collected 436 from pot
Gabrielfs13: doesn't show hand 
*** SUMMARY ***
Total pot 436 | Rake 0 
Board [Ts Qs Ad]
Seat 1: IvanMasterX (big blind) folded before Flop
Seat 2: zeba193 folded on the Flop
Seat 3: Apple27285 folded before Flop (didn't bet)
Seat 4: vladinski4 folded before Flop (didn't bet)
Seat 5: perrynell (button) folded before Flop (didn't bet)
Seat 7: Gabrielfs13 (small blind) collected (436)



PokerStars Hand #257124088645: Tournament #3912519499, $4.80+$5.00+$1.20 USD Hold'em No Limit - Level IV (30/60) - 2025/07/28 14:30:12 BRT [2025/07/28 13:30:12 ET]
Table '3912519499 29' 8-max Seat #7 is the button
Seat 1: IvanMasterX (4938 in chips, $5 bounty) 
Seat 2: zeba193 (5606 in chips, $7.50 bounty) 
Seat 3: Apple27285 (5868 in chips, $5 bounty) 
Seat 4: vladinski4 (4900 in chips, $5 bounty) 
Seat 5: perrynell (9299 in chips, $5 bounty) 
Seat 6: Cryssss18 (5000 in chips, $5 bounty) 
Seat 7: Gabrielfs13 (627 in chips, $5 bounty) 
IvanMasterX: posts the ante 8
zeba193: posts the ante 8
Apple27285: posts the ante 8
vladinski4: posts the ante 8
perrynell: posts the ante 8
Cryssss18: posts the ante 8
Gabrielfs13: posts the ante 8
IvanMasterX: posts small blind 30
zeba193: posts big blind 60
*** HOLE CARDS ***
Dealt to Gabrielfs13 [4c 7h]
Apple27285: raises 72 to 132
vladinski4: folds 
perrynell: folds 
leandro s800 is disconnected 
Cryssss18: folds 
Gabrielfs13: folds 
IvanMasterX: folds 
zeba193: folds 
Uncalled bet (72) returned to Apple27285
Apple27285 collected 206 from pot
Apple27285: doesn't show hand 
*** SUMMARY ***
Total pot 206 | Rake 0 
Seat 1: IvanMasterX (small blind) folded before Flop
Seat 2: zeba193 (big blind) folded before Flop
Seat 3: Apple27285 collected (206)
Seat 4: vladinski4 folded before Flop (didn't bet)
Seat 5: perrynell folded before Flop (didn't bet)
Seat 6: Cryssss18 folded before Flop (didn't bet)
Seat 7: Gabrielfs13 (button) folded before Flop (didn't bet)



PokerStars Hand #257124096802: Tournament #3912519499, $4.80+$5.00+$1.20 USD Hold'em No Limit - Level IV (30/60) - 2025/07/28 14:30:51 BRT [2025/07/28 13:30:51 ET]
Table '3912519499 29' 8-max Seat #1 is the button
Seat 1: IvanMasterX (4900 in chips, $5 bounty) 
Seat 2: zeba193 (5538 in chips, $7.50 bounty) 
Seat 3: Apple27285 (6006 in chips, $5 bounty) 
Seat 4: vladinski4 (4892 in chips, $5 bounty) 
Seat 5: perrynell (9291 in chips, $5 bounty) 
Seat 6: Cryssss18 (4992 in chips, $5 bounty) 
Seat 7: Gabrielfs13 (619 in chips, $5 bounty) 
Seat 8: leandro s800 (5000 in chips, $5 bounty) 
IvanMasterX: posts the ante 8
zeba193: posts the ante 8
Apple27285: posts the ante 8
vladinski4: posts the ante 8
perrynell: posts the ante 8
Cryssss18: posts the ante 8
Gabrielfs13: posts the ante 8
leandro s800: posts the ante 8
zeba193: posts small blind 30
Apple27285: posts big blind 60
*** HOLE CARDS ***
Dealt to Gabrielfs13 [8d Jh]
vladinski4: folds 
perrynell: folds 
Cryssss18: raises 60 to 120
Gabrielfs13: folds 
leandro s800: raises 300 to 420
IvanMasterX: folds 
zeba193: folds 
Apple27285: folds 
Cryssss18: folds 
Uncalled bet (300) returned to leandro s800
leandro s800 collected 394 from pot
leandro s800: doesn't show hand 
*** SUMMARY ***
Total pot 394 | Rake 0 
Seat 1: IvanMasterX (button) folded before Flop (didn't bet)
Seat 2: zeba193 (small blind) folded before Flop
Seat 3: Apple27285 (big blind) folded before Flop
Seat 4: vladinski4 folded before Flop (didn't bet)
Seat 5: perrynell folded before Flop (didn't bet)
Seat 6: Cryssss18 folded before Flop
Seat 7: Gabrielfs13 folded before Flop (didn't bet)
Seat 8: leandro s800 collected (394)



PokerStars Hand #257124106683: Tournament #3912519499, $4.80+$5.00+$1.20 USD Hold'em No Limit - Level IV (30/60) - 2025/07/28 14:31:39 BRT [2025/07/28 13:31:39 ET]
Table '3912519499 29' 8-max Seat #2 is the button
Seat 1: IvanMasterX (4892 in chips, $5 bounty) 
Seat 2: zeba193 (5500 in chips, $7.50 bounty) 
Seat 3: Apple27285 (5938 in chips, $5 bounty) 
Seat 4: vladinski4 (4884 in chips, $5 bounty) 
Seat 5: perrynell (9283 in chips, $5 bounty) 
Seat 6: Cryssss18 (4864 in chips, $5 bounty) 
Seat 7: Gabrielfs13 (611 in chips, $5 bounty) 
Seat 8: leandro s800 (5266 in chips, $5 bounty) 
IvanMasterX: posts the ante 8
zeba193: posts the ante 8
Apple27285: posts the ante 8
vladinski4: posts the ante 8
perrynell: posts the ante 8
Cryssss18: posts the ante 8
Gabrielfs13: posts the ante 8
leandro s800: posts the ante 8
Apple27285: posts small blind 30
vladinski4: posts big blind 60
*** HOLE CARDS ***
Dealt to Gabrielfs13 [5d Kh]
perrynell: folds 
Cryssss18: folds 
Gabrielfs13: folds 
leandro s800: raises 60 to 120
IvanMasterX: folds 
zeba193: folds 
Apple27285: raises 360 to 480
vladinski4: folds 
leandro s800: folds 
Uncalled bet (360) returned to Apple27285
Apple27285 collected 364 from pot
Apple27285: doesn't show hand 
*** SUMMARY ***
Total pot 364 | Rake 0 
Seat 1: IvanMasterX folded before Flop (didn't bet)
Seat 2: zeba193 (button) folded before Flop (didn't bet)
Seat 3: Apple27285 (small blind) collected (364)
Seat 4: vladinski4 (big blind) folded before Flop
Seat 5: perrynell folded before Flop (didn't bet)
Seat 6: Cryssss18 folded before Flop (didn't bet)
Seat 7: Gabrielfs13 folded before Flop (didn't bet)
Seat 8: leandro s800 folded before Flop



PokerStars Hand #257124120230: Tournament #3912519499, $4.80+$5.00+$1.20 USD Hold'em No Limit - Level IV (30/60) - 2025/07/28 14:32:44 BRT [2025/07/28 13:32:44 ET]
Table '3912519499 29' 8-max Seat #3 is the button
Seat 1: IvanMasterX (4884 in chips, $5 bounty) 
Seat 2: zeba193 (5492 in chips, $7.50 bounty) 
Seat 3: Apple27285 (6174 in chips, $5 bounty) 
Seat 4: vladinski4 (4816 in chips, $5 bounty) 
Seat 5: perrynell (9275 in chips, $5 bounty) 
Seat 6: Cryssss18 (4856 in chips, $5 bounty) 
Seat 7: Gabrielfs13 (603 in chips, $5 bounty) 
Seat 8: leandro s800 (5138 in chips, $5 bounty) 
IvanMasterX: posts the ante 8
zeba193: posts the ante 8
Apple27285: posts the ante 8
vladinski4: posts the ante 8
perrynell: posts the ante 8
Cryssss18: posts the ante 8
Gabrielfs13: posts the ante 8
leandro s800: posts the ante 8
vladinski4: posts small blind 30
perrynell: posts big blind 60
*** HOLE CARDS ***
Dealt to Gabrielfs13 [9d Ac]
Cryssss18: folds 
Gabrielfs13: raises 535 to 595 and is all-in
leandro s800: folds 
IvanMasterX: folds 
zeba193: folds 
Apple27285: calls 595
vladinski4: folds 
perrynell: folds 
*** FLOP *** [9h Qd Ks]
*** TURN *** [9h Qd Ks] [5s]
*** RIVER *** [9h Qd Ks 5s] [2d]
*** SHOW DOWN ***
Gabrielfs13: shows [9d Ac] (a pair of Nines)
Apple27285: shows [Kc Td] (a pair of Kings)
Apple27285 collected 1344 from pot
Apple27285 wins $2.50 for eliminating Gabrielfs13 and their own bounty increases by $2.50 to $7.50
Gabrielfs13 finished the tournament
*** SUMMARY ***
Total pot 1344 | Rake 0 
Board [9h Qd Ks 5s 2d]
Seat 1: IvanMasterX folded before Flop (didn't bet)
Seat 2: zeba193 folded before Flop (didn't bet)
Seat 3: Apple27285 (button) showed [Kc Td] and won (1344) with a pair of Kings
Seat 4: vladinski4 (small blind) folded before Flop
Seat 5: perrynell (big blind) folded before Flop
Seat 6: Cryssss18 folded before Flop (didn't bet)
Seat 7: Gabrielfs13 showed [9d Ac] and lost with a pair of Nines
Seat 8: leandro s800 folded before Flop (didn't bet)



PokerStars Hand #257124146340: Tournament #3912519499, $4.80+$5.00+$1.20 USD Hold'em No Limit - Level IV (30/60) - 2025/07/28 14:34:49 BRT [2025/07/28 13:34:49 ET]
Table '3912519499 37' 8-max Seat #3 is the button
Seat 1: AyrtonAA95 (4265 in chips, $5 bounty) 
Seat 2: Gabrielfs13 (5000 in chips, $5 bounty) 
Seat 3: erisss (4201 in chips, $5 bounty) 
Seat 4: nacho2390 (5397 in chips, $5 bounty) 
Seat 5: Potsmoker6 (8003 in chips, $5 bounty) 
Seat 6: patonick (4675 in chips, $5 bounty) 
Seat 7: joellandstrm (5000 in chips, $5 bounty) 
Seat 8: jhonnei55 (13564 in chips, $10 bounty) 
AyrtonAA95: posts the ante 8
Gabrielfs13: posts the ante 8
erisss: posts the ante 8
nacho2390: posts the ante 8
Potsmoker6: posts the ante 8
patonick: posts the ante 8
joellandstrm: posts the ante 8
jhonnei55: posts the ante 8
nacho2390: posts small blind 30
Potsmoker6: posts big blind 60
*** HOLE CARDS ***
Dealt to Gabrielfs13 [2d 3d]
patonick: folds 
joellandstrm: folds 
jhonnei55: raises 60 to 120
AyrtonAA95: folds 
Gabrielfs13: folds 
erisss: folds 
nacho2390: folds 
Potsmoker6: folds 
Uncalled bet (60) returned to jhonnei55
jhonnei55 collected 214 from pot
jhonnei55: doesn't show hand 
*** SUMMARY ***
Total pot 214 | Rake 0 
Seat 1: AyrtonAA95 folded before Flop (didn't bet)
Seat 2: Gabrielfs13 folded before Flop (didn't bet)
Seat 3: erisss (button) folded before Flop (didn't bet)
Seat 4: nacho2390 (small blind) folded before Flop
Seat 5: Potsmoker6 (big blind) folded before Flop
Seat 6: patonick folded before Flop (didn't bet)
Seat 7: joellandstrm folded before Flop (didn't bet)
Seat 8: jhonnei55 collected (214)



PokerStars Hand #257124151975: Tournament #3912519499, $4.80+$5.00+$1.20 USD Hold'em No Limit - Level V (40/80) - 2025/07/28 14:35:16 BRT [2025/07/28 13:35:16 ET]
Table '3912519499 37' 8-max Seat #4 is the button
Seat 1: AyrtonAA95 (4257 in chips, $5 bounty) 
Seat 2: Gabrielfs13 (4992 in chips, $5 bounty) 
Seat 3: erisss (4193 in chips, $5 bounty) 
Seat 4: nacho2390 (5359 in chips, $5 bounty) 
Seat 5: Potsmoker6 (7935 in chips, $5 bounty) 
Seat 7: joellandstrm (4992 in chips, $5 bounty) 
Seat 8: jhonnei55 (13710 in chips, $10 bounty) 
AyrtonAA95: posts the ante 10
Gabrielfs13: posts the ante 10
erisss: posts the ante 10
nacho2390: posts the ante 10
Potsmoker6: posts the ante 10
joellandstrm: posts the ante 10
jhonnei55: posts the ante 10
Potsmoker6: posts small blind 40
joellandstrm: posts big blind 80
*** HOLE CARDS ***
Dealt to Gabrielfs13 [2s Qh]
jhonnei55: folds 
AyrtonAA95: folds 
Gabrielfs13: folds 
erisss: folds 
nacho2390: raises 96 to 176
Potsmoker6: folds 
gladiado408 is disconnected 
joellandstrm: folds 
Uncalled bet (96) returned to nacho2390
nacho2390 collected 270 from pot
*** SUMMARY ***
Total pot 270 | Rake 0 
Seat 1: AyrtonAA95 folded before Flop (didn't bet)
Seat 2: Gabrielfs13 folded before Flop (didn't bet)
Seat 3: erisss folded before Flop (didn't bet)
Seat 4: nacho2390 (button) collected (270)
Seat 5: Potsmoker6 (small blind) folded before Flop
Seat 7: joellandstrm (big blind) folded before Flop
Seat 8: jhonnei55 folded before Flop (didn't bet)



PokerStars Hand #257124159168: Tournament #3912519499, $4.80+$5.00+$1.20 USD Hold'em No Limit - Level V (40/80) - 2025/07/28 14:35:51 BRT [2025/07/28 13:35:51 ET]
Table '3912519499 37' 8-max Seat #5 is the button
Seat 1: AyrtonAA95 (4247 in chips, $5 bounty) 
Seat 2: Gabrielfs13 (4982 in chips, $5 bounty) 
Seat 3: erisss (4183 in chips, $5 bounty) 
Seat 4: nacho2390 (5539 in chips, $5 bounty) 
Seat 5: Potsmoker6 (7885 in chips, $5 bounty) 
Seat 6: gladiado408 (5000 in chips) out of hand (moved from another table into small blind)
Seat 7: joellandstrm (4902 in chips, $5 bounty) 
Seat 8: jhonnei55 (13700 in chips, $10 bounty) 
gladiado408 will be allowed to play after the button
AyrtonAA95: posts the ante 10
Gabrielfs13: posts the ante 10
erisss: posts the ante 10
nacho2390: posts the ante 10
Potsmoker6: posts the ante 10
joellandstrm: posts the ante 10
jhonnei55: posts the ante 10
joellandstrm: posts small blind 40
jhonnei55: posts big blind 80
*** HOLE CARDS ***
Dealt to Gabrielfs13 [8h Ac]
AyrtonAA95: folds 
Gabrielfs13: folds 
erisss: raises 80 to 160
nacho2390: folds 
Potsmoker6: folds 
joellandstrm: folds 
jhonnei55: calls 80
*** FLOP *** [Qd 7c Tc]
jhonnei55: checks 
erisss: bets 200
jhonnei55: calls 200
*** TURN *** [Qd 7c Tc] [Ks]
jhonnei55: checks 
erisss: bets 548
jhonnei55: calls 548
*** RIVER *** [Qd 7c Tc Ks] [4c]
jhonnei55: checks 
erisss: checks 
*** SHOW DOWN ***
jhonnei55: shows [Kc 7s] (two pair, Kings and Sevens)
erisss: mucks hand 
jhonnei55 collected 1926 from pot
*** SUMMARY ***
Total pot 1926 | Rake 0 
Board [Qd 7c Tc Ks 4c]
Seat 1: AyrtonAA95 folded before Flop (didn't bet)
Seat 2: Gabrielfs13 folded before Flop (didn't bet)
Seat 3: erisss mucked [Ah Qs]
Seat 4: nacho2390 folded before Flop (didn't bet)
Seat 5: Potsmoker6 (button) folded before Flop (didn't bet)
Seat 7: joellandstrm (small blind) folded before Flop
Seat 8: jhonnei55 (big blind) showed [Kc 7s] and won (1926) with two pair, Kings and Sevens



PokerStars Hand #257124177176: Tournament #3912519499, $4.80+$5.00+$1.20 USD Hold'em No Limit - Level V (40/80) - 2025/07/28 14:37:16 BRT [2025/07/28 13:37:16 ET]
Table '3912519499 37' 8-max Seat #7 is the button
Seat 1: AyrtonAA95 (4237 in chips, $5 bounty) 
Seat 2: Gabrielfs13 (4972 in chips, $5 bounty) 
Seat 3: erisss (3265 in chips, $5 bounty) 
Seat 4: nacho2390 (5529 in chips, $5 bounty) 
Seat 5: Potsmoker6 (7875 in chips, $5 bounty) 
Seat 6: gladiado408 (5000 in chips, $5 bounty) 
Seat 7: joellandstrm (4852 in chips, $5 bounty) 
Seat 8: jhonnei55 (14708 in chips, $10 bounty) 
AyrtonAA95: posts the ante 10
Gabrielfs13: posts the ante 10
erisss: posts the ante 10
nacho2390: posts the ante 10
Potsmoker6: posts the ante 10
gladiado408: posts the ante 10
joellandstrm: posts the ante 10
jhonnei55: posts the ante 10
jhonnei55: posts small blind 40
AyrtonAA95: posts big blind 80
*** HOLE CARDS ***
Dealt to Gabrielfs13 [Ks 7h]
Gabrielfs13: folds 
erisss: folds 
nacho2390: folds 
Potsmoker6: folds 
gladiado408: folds 
joellandstrm: raises 80 to 160
jhonnei55: folds 
AyrtonAA95: calls 80
*** FLOP *** [6h 2c Ah]
AyrtonAA95: checks 
joellandstrm: bets 106
AyrtonAA95: folds 
Uncalled bet (106) returned to joellandstrm
joellandstrm collected 440 from pot
*** SUMMARY ***
Total pot 440 | Rake 0 
Board [6h 2c Ah]
Seat 1: AyrtonAA95 (big blind) folded on the Flop
Seat 2: Gabrielfs13 folded before Flop (didn't bet)
Seat 3: erisss folded before Flop (didn't bet)
Seat 4: nacho2390 folded before Flop (didn't bet)
Seat 5: Potsmoker6 folded before Flop (didn't bet)
Seat 6: gladiado408 folded before Flop (didn't bet)
Seat 7: joellandstrm (button) collected (440)
Seat 8: jhonnei55 (small blind) folded before Flop



PokerStars Hand #257124185992: Tournament #3912519499, $4.80+$5.00+$1.20 USD Hold'em No Limit - Level V (40/80) - 2025/07/28 14:37:59 BRT [2025/07/28 13:37:59 ET]
Table '3912519499 37' 8-max Seat #8 is the button
Seat 1: AyrtonAA95 (4067 in chips, $5 bounty) 
Seat 2: Gabrielfs13 (4962 in chips, $5 bounty) 
Seat 3: erisss (3255 in chips, $5 bounty) 
Seat 4: nacho2390 (5519 in chips, $5 bounty) 
Seat 5: Potsmoker6 (7865 in chips, $5 bounty) 
Seat 6: gladiado408 (4990 in chips, $5 bounty) 
Seat 7: joellandstrm (5122 in chips, $5 bounty) 
Seat 8: jhonnei55 (14658 in chips, $10 bounty) 
AyrtonAA95: posts the ante 10
Gabrielfs13: posts the ante 10
erisss: posts the ante 10
nacho2390: posts the ante 10
Potsmoker6: posts the ante 10
gladiado408: posts the ante 10
joellandstrm: posts the ante 10
jhonnei55: posts the ante 10
AyrtonAA95: posts small blind 40
Gabrielfs13: posts big blind 80
*** HOLE CARDS ***
Dealt to Gabrielfs13 [2c 7c]
erisss: raises 80 to 160
nacho2390: folds 
Potsmoker6: folds 
gladiado408: folds 
joellandstrm: folds 
jhonnei55: folds 
AyrtonAA95: folds 
Gabrielfs13: calls 80
*** FLOP *** [4s Kc 5h]
Gabrielfs13: checks 
erisss: checks 
*** TURN *** [4s Kc 5h] [Qs]
Gabrielfs13: checks 
erisss: bets 290
Gabrielfs13: folds 
Uncalled bet (290) returned to erisss
erisss collected 440 from pot
*** SUMMARY ***
Total pot 440 | Rake 0 
Board [4s Kc 5h Qs]
Seat 1: AyrtonAA95 (small blind) folded before Flop
Seat 2: Gabrielfs13 (big blind) folded on the Turn
Seat 3: erisss collected (440)
Seat 4: nacho2390 folded before Flop (didn't bet)
Seat 5: Potsmoker6 folded before Flop (didn't bet)
Seat 6: gladiado408 folded before Flop (didn't bet)
Seat 7: joellandstrm folded before Flop (didn't bet)
Seat 8: jhonnei55 (button) folded before Flop (didn't bet)



PokerStars Hand #257124194616: Tournament #3912519499, $4.80+$5.00+$1.20 USD Hold'em No Limit - Level V (40/80) - 2025/07/28 14:38:40 BRT [2025/07/28 13:38:40 ET]
Table '3912519499 37' 8-max Seat #1 is the button
Seat 1: AyrtonAA95 (4017 in chips, $5 bounty) 
Seat 2: Gabrielfs13 (4792 in chips, $5 bounty) 
Seat 3: erisss (3525 in chips, $5 bounty) 
Seat 4: nacho2390 (5509 in chips, $5 bounty) 
Seat 5: Potsmoker6 (7855 in chips, $5 bounty) 
Seat 6: gladiado408 (4980 in chips, $5 bounty) 
Seat 7: joellandstrm (5112 in chips, $5 bounty) 
Seat 8: jhonnei55 (14648 in chips, $10 bounty) 
AyrtonAA95: posts the ante 10
Gabrielfs13: posts the ante 10
erisss: posts the ante 10
nacho2390: posts the ante 10
Potsmoker6: posts the ante 10
gladiado408: posts the ante 10
joellandstrm: posts the ante 10
jhonnei55: posts the ante 10
Gabrielfs13: posts small blind 40
erisss: posts big blind 80
*** HOLE CARDS ***
Dealt to Gabrielfs13 [7d 2d]
nacho2390: folds 
Potsmoker6: folds 
gladiado408: folds 
joellandstrm: raises 88 to 168
jhonnei55: folds 
AyrtonAA95: folds 
Gabrielfs13: folds 
erisss: folds 
Uncalled bet (88) returned to joellandstrm
joellandstrm collected 280 from pot
*** SUMMARY ***
Total pot 280 | Rake 0 
Seat 1: AyrtonAA95 (button) folded before Flop (didn't bet)
Seat 2: Gabrielfs13 (small blind) folded before Flop
Seat 3: erisss (big blind) folded before Flop
Seat 4: nacho2390 folded before Flop (didn't bet)
Seat 5: Potsmoker6 folded before Flop (didn't bet)
Seat 6: gladiado408 folded before Flop (didn't bet)
Seat 7: joellandstrm collected (280)
Seat 8: jhonnei55 folded before Flop (didn't bet)



PokerStars Hand #257124200488: Tournament #3912519499, $4.80+$5.00+$1.20 USD Hold'em No Limit - Level V (40/80) - 2025/07/28 14:39:08 BRT [2025/07/28 13:39:08 ET]
Table '3912519499 37' 8-max Seat #2 is the button
Seat 1: AyrtonAA95 (4007 in chips, $5 bounty) 
Seat 2: Gabrielfs13 (4742 in chips, $5 bounty) 
Seat 3: erisss (3435 in chips, $5 bounty) 
Seat 4: nacho2390 (5499 in chips, $5 bounty) 
Seat 5: Potsmoker6 (7845 in chips, $5 bounty) 
Seat 6: gladiado408 (4970 in chips, $5 bounty) 
Seat 7: joellandstrm (5302 in chips, $5 bounty) 
Seat 8: jhonnei55 (14638 in chips, $10 bounty) 
AyrtonAA95: posts the ante 10
Gabrielfs13: posts the ante 10
erisss: posts the ante 10
nacho2390: posts the ante 10
Potsmoker6: posts the ante 10
gladiado408: posts the ante 10
joellandstrm: posts the ante 10
jhonnei55: posts the ante 10
erisss: posts small blind 40
nacho2390: posts big blind 80
*** HOLE CARDS ***
Dealt to Gabrielfs13 [8s Th]
Potsmoker6: folds 
gladiado408: folds 
joellandstrm: raises 80 to 160
jhonnei55: folds 
AyrtonAA95: raises 360 to 520
Gabrielfs13: folds 
erisss: folds 
nacho2390: folds 
joellandstrm: folds 
Uncalled bet (360) returned to AyrtonAA95
AyrtonAA95 collected 520 from pot
*** SUMMARY ***
Total pot 520 | Rake 0 
Seat 1: AyrtonAA95 collected (520)
Seat 2: Gabrielfs13 (button) folded before Flop (didn't bet)
Seat 3: erisss (small blind) folded before Flop
Seat 4: nacho2390 (big blind) folded before Flop
Seat 5: Potsmoker6 folded before Flop (didn't bet)
Seat 6: gladiado408 folded before Flop (didn't bet)
Seat 7: joellandstrm folded before Flop
Seat 8: jhonnei55 folded before Flop (didn't bet)



PokerStars Hand #257124209355: Tournament #3912519499, $4.80+$5.00+$1.20 USD Hold'em No Limit - Level V (40/80) - 2025/07/28 14:39:51 BRT [2025/07/28 13:39:51 ET]
Table '3912519499 37' 8-max Seat #3 is the button
Seat 1: AyrtonAA95 (4357 in chips, $5 bounty) 
Seat 2: Gabrielfs13 (4732 in chips, $5 bounty) 
Seat 3: erisss (3385 in chips, $5 bounty) 
Seat 4: nacho2390 (5409 in chips, $5 bounty) 
Seat 5: Potsmoker6 (7835 in chips, $5 bounty) 
Seat 6: gladiado408 (4960 in chips, $5 bounty) 
Seat 7: joellandstrm (5132 in chips, $5 bounty) 
Seat 8: jhonnei55 (14628 in chips, $10 bounty) 
AyrtonAA95: posts the ante 10
Gabrielfs13: posts the ante 10
erisss: posts the ante 10
nacho2390: posts the ante 10
Potsmoker6: posts the ante 10
gladiado408: posts the ante 10
joellandstrm: posts the ante 10
jhonnei55: posts the ante 10
nacho2390: posts small blind 40
Potsmoker6: posts big blind 80
*** HOLE CARDS ***
Dealt to Gabrielfs13 [Jh Qd]
gladiado408: raises 80 to 160
joellandstrm: folds 
jhonnei55: folds 
AyrtonAA95: folds 
Gabrielfs13: calls 160
erisss: calls 160
nacho2390: folds 
Potsmoker6: calls 80
*** FLOP *** [Kh 8s Js]
Potsmoker6: checks 
gladiado408 has timed out
gladiado408: checks 
Gabrielfs13: checks 
erisss: checks 
*** TURN *** [Kh 8s Js] [5d]
Potsmoker6: checks 
gladiado408: checks 
Gabrielfs13: checks 
erisss: checks 
*** RIVER *** [Kh 8s Js 5d] [As]
Potsmoker6: checks 
gladiado408: bets 110
Gabrielfs13: folds 
erisss: folds 
Potsmoker6: folds 
Uncalled bet (110) returned to gladiado408
gladiado408 collected 760 from pot
gladiado408: doesn't show hand 
*** SUMMARY ***
Total pot 760 | Rake 0 
Board [Kh 8s Js 5d As]
Seat 1: AyrtonAA95 folded before Flop (didn't bet)
Seat 2: Gabrielfs13 folded on the River
Seat 3: erisss (button) folded on the River
Seat 4: nacho2390 (small blind) folded before Flop
Seat 5: Potsmoker6 (big blind) folded on the River
Seat 6: gladiado408 collected (760)
Seat 7: joellandstrm folded before Flop (didn't bet)
Seat 8: jhonnei55 folded before Flop (didn't bet)



PokerStars Hand #257124239228: Tournament #3912519499, $4.80+$5.00+$1.20 USD Hold'em No Limit - Level VI (50/100) - 2025/07/28 14:42:15 BRT [2025/07/28 13:42:15 ET]
Table '3912519499 37' 8-max Seat #4 is the button
Seat 1: AyrtonAA95 (4347 in chips, $5 bounty) 
Seat 2: Gabrielfs13 (4562 in chips, $5 bounty) 
Seat 3: erisss (3215 in chips, $5 bounty) 
Seat 4: nacho2390 (5359 in chips, $5 bounty) 
Seat 5: Potsmoker6 (7665 in chips, $5 bounty) 
Seat 6: gladiado408 (5550 in chips, $5 bounty) 
Seat 7: joellandstrm (5122 in chips, $5 bounty) 
Seat 8: jhonnei55 (14618 in chips, $10 bounty) 
AyrtonAA95: posts the ante 12
Gabrielfs13: posts the ante 12
erisss: posts the ante 12
nacho2390: posts the ante 12
Potsmoker6: posts the ante 12
gladiado408: posts the ante 12
joellandstrm: posts the ante 12
jhonnei55: posts the ante 12
Potsmoker6: posts small blind 50
gladiado408: posts big blind 100
*** HOLE CARDS ***
Dealt to Gabrielfs13 [3s 9s]
joellandstrm: folds 
jhonnei55: folds 
AyrtonAA95: raises 100 to 200
Gabrielfs13: folds 
erisss: folds 
nacho2390: folds 
Potsmoker6: folds 
gladiado408 has timed out
gladiado408: folds 
gladiado408 is sitting out
Uncalled bet (100) returned to AyrtonAA95
gladiado408 has returned
AyrtonAA95 collected 346 from pot
*** SUMMARY ***
Total pot 346 | Rake 0 
Seat 1: AyrtonAA95 collected (346)
Seat 2: Gabrielfs13 folded before Flop (didn't bet)
Seat 3: erisss folded before Flop (didn't bet)
Seat 4: nacho2390 (button) folded before Flop (didn't bet)
Seat 5: Potsmoker6 (small blind) folded before Flop
Seat 6: gladiado408 (big blind) folded before Flop
Seat 7: joellandstrm folded before Flop (didn't bet)
Seat 8: jhonnei55 folded before Flop (didn't bet)



PokerStars Hand #257124248080: Tournament #3912519499, $4.80+$5.00+$1.20 USD Hold'em No Limit - Level VI (50/100) - 2025/07/28 14:42:57 BRT [2025/07/28 13:42:57 ET]
Table '3912519499 37' 8-max Seat #5 is the button
Seat 1: AyrtonAA95 (4581 in chips, $5 bounty) 
Seat 2: Gabrielfs13 (4550 in chips, $5 bounty) 
Seat 3: erisss (3203 in chips, $5 bounty) 
Seat 4: nacho2390 (5347 in chips, $5 bounty) 
Seat 5: Potsmoker6 (7603 in chips, $5 bounty) 
Seat 6: gladiado408 (5438 in chips, $5 bounty) 
Seat 7: joellandstrm (5110 in chips, $5 bounty) 
Seat 8: jhonnei55 (14606 in chips, $10 bounty) 
AyrtonAA95: posts the ante 12
Gabrielfs13: posts the ante 12
erisss: posts the ante 12
nacho2390: posts the ante 12
Potsmoker6: posts the ante 12
gladiado408: posts the ante 12
joellandstrm: posts the ante 12
jhonnei55: posts the ante 12
gladiado408: posts small blind 50
joellandstrm: posts big blind 100
*** HOLE CARDS ***
Dealt to Gabrielfs13 [7c Td]
jhonnei55: folds 
AyrtonAA95: folds 
Gabrielfs13: folds 
erisss: folds 
nacho2390: folds 
Potsmoker6: raises 120 to 220
gladiado408: folds 
joellandstrm: raises 580 to 800
Potsmoker6: calls 580
*** FLOP *** [5d 6h 7d]
joellandstrm: checks 
Potsmoker6: bets 559
joellandstrm: calls 559
*** TURN *** [5d 6h 7d] [4s]
joellandstrm: checks 
Potsmoker6: checks 
*** RIVER *** [5d 6h 7d 4s] [Jc]
joellandstrm: checks 
Potsmoker6: checks 
*** SHOW DOWN ***
joellandstrm: shows [Qh Ah] (high card Ace)
Potsmoker6: shows [9c 9d] (a pair of Nines)
Potsmoker6 collected 2864 from pot
*** SUMMARY ***
Total pot 2864 | Rake 0 
Board [5d 6h 7d 4s Jc]
Seat 1: AyrtonAA95 folded before Flop (didn't bet)
Seat 2: Gabrielfs13 folded before Flop (didn't bet)
Seat 3: erisss folded before Flop (didn't bet)
Seat 4: nacho2390 folded before Flop (didn't bet)
Seat 5: Potsmoker6 (button) showed [9c 9d] and won (2864) with a pair of Nines
Seat 6: gladiado408 (small blind) folded before Flop
Seat 7: joellandstrm (big blind) showed [Qh Ah] and lost with high card Ace
Seat 8: jhonnei55 folded before Flop (didn't bet)



PokerStars Hand #257124269334: Tournament #3912519499, $4.80+$5.00+$1.20 USD Hold'em No Limit - Level VI (50/100) - 2025/07/28 14:44:38 BRT [2025/07/28 13:44:38 ET]
Table '3912519499 37' 8-max Seat #6 is the button
Seat 1: AyrtonAA95 (4569 in chips, $5 bounty) 
Seat 2: Gabrielfs13 (4538 in chips, $5 bounty) 
Seat 3: erisss (3191 in chips, $5 bounty) 
Seat 4: nacho2390 (5335 in chips, $5 bounty) 
Seat 5: Potsmoker6 (9096 in chips, $5 bounty) 
Seat 6: gladiado408 (5376 in chips, $5 bounty) 
Seat 7: joellandstrm (3739 in chips, $5 bounty) 
Seat 8: jhonnei55 (14594 in chips, $10 bounty) 
AyrtonAA95: posts the ante 12
Gabrielfs13: posts the ante 12
erisss: posts the ante 12
nacho2390: posts the ante 12
Potsmoker6: posts the ante 12
gladiado408: posts the ante 12
joellandstrm: posts the ante 12
jhonnei55: posts the ante 12
joellandstrm: posts small blind 50
jhonnei55: posts big blind 100
*** HOLE CARDS ***
Dealt to Gabrielfs13 [Js Qd]
AyrtonAA95: raises 100 to 200
Gabrielfs13: folds 
erisss: folds 
nacho2390: calls 200
Potsmoker6: folds 
gladiado408: folds 
joellandstrm: folds 
jhonnei55: calls 100
*** FLOP *** [8c As 2h]
jhonnei55: checks 
AyrtonAA95: checks 
nacho2390: bets 246
jhonnei55: folds 
AyrtonAA95: calls 246
*** TURN *** [8c As 2h] [Qs]
AyrtonAA95: checks 
nacho2390: checks 
*** RIVER *** [8c As 2h Qs] [Kd]
AyrtonAA95: bets 1550
nacho2390: folds 
Uncalled bet (1550) returned to AyrtonAA95
AyrtonAA95 collected 1238 from pot
*** SUMMARY ***
Total pot 1238 | Rake 0 
Board [8c As 2h Qs Kd]
Seat 1: AyrtonAA95 collected (1238)
Seat 2: Gabrielfs13 folded before Flop (didn't bet)
Seat 3: erisss folded before Flop (didn't bet)
Seat 4: nacho2390 folded on the River
Seat 5: Potsmoker6 folded before Flop (didn't bet)
Seat 6: gladiado408 (button) folded before Flop (didn't bet)
Seat 7: joellandstrm (small blind) folded before Flop
Seat 8: jhonnei55 (big blind) folded on the Flop



PokerStars Hand #257124287638: Tournament #3912519499, $4.80+$5.00+$1.20 USD Hold'em No Limit - Level VII (60/120) - 2025/07/28 14:46:05 BRT [2025/07/28 13:46:05 ET]
Table '3912519499 37' 8-max Seat #7 is the button
Seat 1: AyrtonAA95 (5349 in chips, $5 bounty) 
Seat 2: Gabrielfs13 (4526 in chips, $5 bounty) 
Seat 3: erisss (3179 in chips, $5 bounty) 
Seat 4: nacho2390 (4877 in chips, $5 bounty) 
Seat 5: Potsmoker6 (9084 in chips, $5 bounty) 
Seat 6: gladiado408 (5364 in chips, $5 bounty) 
Seat 7: joellandstrm (3677 in chips, $5 bounty) 
Seat 8: jhonnei55 (14382 in chips, $10 bounty) 
AyrtonAA95: posts the ante 15
Gabrielfs13: posts the ante 15
erisss: posts the ante 15
nacho2390: posts the ante 15
Potsmoker6: posts the ante 15
gladiado408: posts the ante 15
joellandstrm: posts the ante 15
jhonnei55: posts the ante 15
jhonnei55: posts small blind 60
AyrtonAA95: posts big blind 120
*** HOLE CARDS ***
Dealt to Gabrielfs13 [9h 5s]
Gabrielfs13: folds 
erisss: folds 
nacho2390: folds 
Potsmoker6: raises 144 to 264
gladiado408 has timed out
gladiado408: folds 
gladiado408 is sitting out
joellandstrm: folds 
gladiado408 has returned
jhonnei55: folds 
AyrtonAA95: folds 
Uncalled bet (144) returned to Potsmoker6
Potsmoker6 collected 420 from pot
Potsmoker6: doesn't show hand 
*** SUMMARY ***
Total pot 420 | Rake 0 
Seat 1: AyrtonAA95 (big blind) folded before Flop
Seat 2: Gabrielfs13 folded before Flop (didn't bet)
Seat 3: erisss folded before Flop (didn't bet)
Seat 4: nacho2390 folded before Flop (didn't bet)
Seat 5: Potsmoker6 collected (420)
Seat 6: gladiado408 folded before Flop (didn't bet)
Seat 7: joellandstrm (button) folded before Flop (didn't bet)
Seat 8: jhonnei55 (small blind) folded before Flop



PokerStars Hand #257124294349: Tournament #3912519499, $4.80+$5.00+$1.20 USD Hold'em No Limit - Level VII (60/120) - 2025/07/28 14:46:37 BRT [2025/07/28 13:46:37 ET]
Table '3912519499 37' 8-max Seat #8 is the button
Seat 1: AyrtonAA95 (5214 in chips, $5 bounty) 
Seat 2: Gabrielfs13 (4511 in chips, $5 bounty) 
Seat 3: erisss (3164 in chips, $5 bounty) 
Seat 4: nacho2390 (4862 in chips, $5 bounty) 
Seat 5: Potsmoker6 (9369 in chips, $5 bounty) 
Seat 6: gladiado408 (5349 in chips, $5 bounty) 
Seat 7: joellandstrm (3662 in chips, $5 bounty) 
Seat 8: jhonnei55 (14307 in chips, $10 bounty) 
AyrtonAA95: posts the ante 15
Gabrielfs13: posts the ante 15
erisss: posts the ante 15
nacho2390: posts the ante 15
Potsmoker6: posts the ante 15
gladiado408: posts the ante 15
joellandstrm: posts the ante 15
jhonnei55: posts the ante 15
AyrtonAA95: posts small blind 60
Gabrielfs13: posts big blind 120
*** HOLE CARDS ***
Dealt to Gabrielfs13 [9d 2d]
erisss: folds 
nacho2390: folds 
Potsmoker6: folds 
gladiado408: raises 120 to 240
joellandstrm: folds 
jhonnei55: folds 
AyrtonAA95: calls 180
Gabrielfs13: calls 120
*** FLOP *** [Kh 8c Ah]
AyrtonAA95: checks 
Gabrielfs13: checks 
gladiado408: checks 
*** TURN *** [Kh 8c Ah] [3d]
AyrtonAA95: bets 1050
Gabrielfs13: folds 
gladiado408: folds 
Uncalled bet (1050) returned to AyrtonAA95
AyrtonAA95 collected 840 from pot
*** SUMMARY ***
Total pot 840 | Rake 0 
Board [Kh 8c Ah 3d]
Seat 1: AyrtonAA95 (small blind) collected (840)
Seat 2: Gabrielfs13 (big blind) folded on the Turn
Seat 3: erisss folded before Flop (didn't bet)
Seat 4: nacho2390 folded before Flop (didn't bet)
Seat 5: Potsmoker6 folded before Flop (didn't bet)
Seat 6: gladiado408 folded on the Turn
Seat 7: joellandstrm folded before Flop (didn't bet)
Seat 8: jhonnei55 (button) folded before Flop (didn't bet)



PokerStars Hand #257124307743: Tournament #3912519499, $4.80+$5.00+$1.20 USD Hold'em No Limit - Level VII (60/120) - 2025/07/28 14:47:39 BRT [2025/07/28 13:47:39 ET]
Table '3912519499 37' 8-max Seat #1 is the button
Seat 1: AyrtonAA95 (5799 in chips, $5 bounty) 
Seat 2: Gabrielfs13 (4256 in chips, $5 bounty) 
Seat 3: erisss (3149 in chips, $5 bounty) 
Seat 4: nacho2390 (4847 in chips, $5 bounty) 
Seat 5: Potsmoker6 (9354 in chips, $5 bounty) 
Seat 6: gladiado408 (5094 in chips, $5 bounty) 
Seat 7: joellandstrm (3647 in chips, $5 bounty) 
Seat 8: jhonnei55 (14292 in chips, $10 bounty) 
AyrtonAA95: posts the ante 15
Gabrielfs13: posts the ante 15
erisss: posts the ante 15
nacho2390: posts the ante 15
Potsmoker6: posts the ante 15
gladiado408: posts the ante 15
joellandstrm: posts the ante 15
jhonnei55: posts the ante 15
Gabrielfs13: posts small blind 60
erisss: posts big blind 120
*** HOLE CARDS ***
Dealt to Gabrielfs13 [3s Jh]
nacho2390: folds 
Potsmoker6: raises 144 to 264
gladiado408: folds 
joellandstrm: calls 264
jhonnei55: folds 
AyrtonAA95: folds 
Gabrielfs13: folds 
erisss: folds 
*** FLOP *** [Qh 8h As]
Potsmoker6: checks 
joellandstrm: checks 
*** TURN *** [Qh 8h As] [5c]
Potsmoker6: bets 360
joellandstrm: calls 360
*** RIVER *** [Qh 8h As 5c] [4s]
Potsmoker6: bets 1080
joellandstrm: calls 1080
*** SHOW DOWN ***
Potsmoker6: shows [Ah 4h] (two pair, Aces and Fours)
joellandstrm: mucks hand 
Potsmoker6 collected 3708 from pot
*** SUMMARY ***
Total pot 3708 | Rake 0 
Board [Qh 8h As 5c 4s]
Seat 1: AyrtonAA95 (button) folded before Flop (didn't bet)
Seat 2: Gabrielfs13 (small blind) folded before Flop
Seat 3: erisss (big blind) folded before Flop
Seat 4: nacho2390 folded before Flop (didn't bet)
Seat 5: Potsmoker6 showed [Ah 4h] and won (3708) with two pair, Aces and Fours
Seat 6: gladiado408 folded before Flop (didn't bet)
Seat 7: joellandstrm mucked [8c Tc]
Seat 8: jhonnei55 folded before Flop (didn't bet)



PokerStars Hand #257124324948: Tournament #3912519499, $4.80+$5.00+$1.20 USD Hold'em No Limit - Level VII (60/120) - 2025/07/28 14:48:59 BRT [2025/07/28 13:48:59 ET]
Table '3912519499 37' 8-max Seat #2 is the button
Seat 1: AyrtonAA95 (5784 in chips, $5 bounty) 
Seat 2: Gabrielfs13 (4181 in chips, $5 bounty) 
Seat 3: erisss (3014 in chips, $5 bounty) 
Seat 4: nacho2390 (4832 in chips, $5 bounty) 
Seat 5: Potsmoker6 (11343 in chips, $5 bounty) 
Seat 6: gladiado408 (5079 in chips, $5 bounty) 
Seat 7: joellandstrm (1928 in chips, $5 bounty) 
Seat 8: jhonnei55 (14277 in chips, $10 bounty) 
AyrtonAA95: posts the ante 15
Gabrielfs13: posts the ante 15
erisss: posts the ante 15
nacho2390: posts the ante 15
Potsmoker6: posts the ante 15
gladiado408: posts the ante 15
joellandstrm: posts the ante 15
jhonnei55: posts the ante 15
erisss: posts small blind 60
nacho2390: posts big blind 120
*** HOLE CARDS ***
Dealt to Gabrielfs13 [2s Ad]
Potsmoker6: folds 
gladiado408: folds 
joellandstrm: folds 
jhonnei55: raises 120 to 240
AyrtonAA95: folds 
Gabrielfs13: folds 
erisss: folds 
nacho2390: calls 120
*** FLOP *** [Qc 4h 5d]
nacho2390: checks 
jhonnei55: bets 191
nacho2390: folds 
Uncalled bet (191) returned to jhonnei55
jhonnei55 collected 660 from pot
jhonnei55: doesn't show hand 
*** SUMMARY ***
Total pot 660 | Rake 0 
Board [Qc 4h 5d]
Seat 1: AyrtonAA95 folded before Flop (didn't bet)
Seat 2: Gabrielfs13 (button) folded before Flop (didn't bet)
Seat 3: erisss (small blind) folded before Flop
Seat 4: nacho2390 (big blind) folded on the Flop
Seat 5: Potsmoker6 folded before Flop (didn't bet)
Seat 6: gladiado408 folded before Flop (didn't bet)
Seat 7: joellandstrm folded before Flop (didn't bet)
Seat 8: jhonnei55 collected (660)



PokerStars Hand #257124333791: Tournament #3912519499, $4.80+$5.00+$1.20 USD Hold'em No Limit - Level VII (60/120) - 2025/07/28 14:49:41 BRT [2025/07/28 13:49:41 ET]
Table '3912519499 37' 8-max Seat #3 is the button
Seat 1: AyrtonAA95 (5769 in chips, $5 bounty) 
Seat 2: Gabrielfs13 (4166 in chips, $5 bounty) 
Seat 3: erisss (2939 in chips, $5 bounty) 
Seat 4: nacho2390 (4577 in chips, $5 bounty) 
Seat 5: Potsmoker6 (11328 in chips, $5 bounty) 
Seat 6: gladiado408 (5064 in chips, $5 bounty) 
Seat 7: joellandstrm (1913 in chips, $5 bounty) 
Seat 8: jhonnei55 (14682 in chips, $10 bounty) 
AyrtonAA95: posts the ante 15
Gabrielfs13: posts the ante 15
erisss: posts the ante 15
nacho2390: posts the ante 15
Potsmoker6: posts the ante 15
gladiado408: posts the ante 15
joellandstrm: posts the ante 15
jhonnei55: posts the ante 15
nacho2390: posts small blind 60
Potsmoker6: posts big blind 120
*** HOLE CARDS ***
Dealt to Gabrielfs13 [3c Jc]
gladiado408: folds 
joellandstrm: folds 
jhonnei55: folds 
AyrtonAA95: raises 120 to 240
Gabrielfs13: folds 
erisss: folds 
nacho2390: folds 
Potsmoker6: calls 120
*** FLOP *** [6d 5c Kd]
Potsmoker6: checks 
AyrtonAA95: bets 180
Potsmoker6: folds 
Uncalled bet (180) returned to AyrtonAA95
AyrtonAA95 collected 660 from pot
*** SUMMARY ***
Total pot 660 | Rake 0 
Board [6d 5c Kd]
Seat 1: AyrtonAA95 collected (660)
Seat 2: Gabrielfs13 folded before Flop (didn't bet)
Seat 3: erisss (button) folded before Flop (didn't bet)
Seat 4: nacho2390 (small blind) folded before Flop
Seat 5: Potsmoker6 (big blind) folded on the Flop
Seat 6: gladiado408 folded before Flop (didn't bet)
Seat 7: joellandstrm folded before Flop (didn't bet)
Seat 8: jhonnei55 folded before Flop (didn't bet)



PokerStars Hand #257124345802: Tournament #3912519499, $4.80+$5.00+$1.20 USD Hold'em No Limit - Level VIII (75/150) - 2025/07/28 14:50:39 BRT [2025/07/28 13:50:39 ET]
Table '3912519499 37' 8-max Seat #4 is the button
Seat 1: AyrtonAA95 (6174 in chips, $5 bounty) 
Seat 2: Gabrielfs13 (4151 in chips, $5 bounty) 
Seat 3: erisss (2924 in chips, $5 bounty) 
Seat 4: nacho2390 (4502 in chips, $5 bounty) 
Seat 5: Potsmoker6 (11073 in chips, $5 bounty) 
Seat 6: gladiado408 (5049 in chips, $5 bounty) 
Seat 7: joellandstrm (1898 in chips, $5 bounty) 
Seat 8: jhonnei55 (14667 in chips, $10 bounty) 
AyrtonAA95: posts the ante 20
Gabrielfs13: posts the ante 20
erisss: posts the ante 20
nacho2390: posts the ante 20
Potsmoker6: posts the ante 20
gladiado408: posts the ante 20
joellandstrm: posts the ante 20
jhonnei55: posts the ante 20
Potsmoker6: posts small blind 75
gladiado408: posts big blind 150
*** HOLE CARDS ***
Dealt to Gabrielfs13 [2h 9h]
joellandstrm: raises 1728 to 1878 and is all-in
jhonnei55: folds 
AyrtonAA95: folds 
Gabrielfs13: folds 
erisss: raises 1026 to 2904 and is all-in
nacho2390: folds 
Potsmoker6: folds 
gladiado408: folds 
Uncalled bet (1026) returned to erisss
*** FLOP *** [6s 9s Tc]
*** TURN *** [6s 9s Tc] [3d]
*** RIVER *** [6s 9s Tc 3d] [5h]
*** SHOW DOWN ***
joellandstrm: shows [Ts Kc] (a pair of Tens)
erisss: shows [Kh As] (high card Ace)
joellandstrm collected 4141 from pot
*** SUMMARY ***
Total pot 4141 | Rake 0 
Board [6s 9s Tc 3d 5h]
Seat 1: AyrtonAA95 folded before Flop (didn't bet)
Seat 2: Gabrielfs13 folded before Flop (didn't bet)
Seat 3: erisss showed [Kh As] and lost with high card Ace
Seat 4: nacho2390 (button) folded before Flop (didn't bet)
Seat 5: Potsmoker6 (small blind) folded before Flop
Seat 6: gladiado408 (big blind) folded before Flop
Seat 7: joellandstrm showed [Ts Kc] and won (4141) with a pair of Tens
Seat 8: jhonnei55 folded before Flop (didn't bet)



PokerStars Hand #257124354200: Tournament #3912519499, $4.80+$5.00+$1.20 USD Hold'em No Limit - Level VIII (75/150) - 2025/07/28 14:51:19 BRT [2025/07/28 13:51:19 ET]
Table '3912519499 37' 8-max Seat #5 is the button
Seat 1: AyrtonAA95 (6154 in chips, $5 bounty) 
Seat 2: Gabrielfs13 (4131 in chips, $5 bounty) 
Seat 3: erisss (1026 in chips, $5 bounty) 
Seat 4: nacho2390 (4482 in chips, $5 bounty) 
Seat 5: Potsmoker6 (10978 in chips, $5 bounty) 
Seat 6: gladiado408 (4879 in chips, $5 bounty) 
Seat 7: joellandstrm (4141 in chips, $5 bounty) 
Seat 8: jhonnei55 (14647 in chips, $10 bounty) 
AyrtonAA95: posts the ante 20
Gabrielfs13: posts the ante 20
erisss: posts the ante 20
nacho2390: posts the ante 20
Potsmoker6: posts the ante 20
gladiado408: posts the ante 20
joellandstrm: posts the ante 20
jhonnei55: posts the ante 20
gladiado408: posts small blind 75
joellandstrm: posts big blind 150
*** HOLE CARDS ***
Dealt to Gabrielfs13 [8d Ad]
jhonnei55: raises 150 to 300
AyrtonAA95: folds 
Gabrielfs13: folds 
erisss: folds 
nacho2390: folds 
Potsmoker6: folds 
gladiado408: folds 
joellandstrm: folds 
Uncalled bet (150) returned to jhonnei55
jhonnei55 collected 535 from pot
jhonnei55: doesn't show hand 
*** SUMMARY ***
Total pot 535 | Rake 0 
Seat 1: AyrtonAA95 folded before Flop (didn't bet)
Seat 2: Gabrielfs13 folded before Flop (didn't bet)
Seat 3: erisss folded before Flop (didn't bet)
Seat 4: nacho2390 folded before Flop (didn't bet)
Seat 5: Potsmoker6 (button) folded before Flop (didn't bet)
Seat 6: gladiado408 (small blind) folded before Flop
Seat 7: joellandstrm (big blind) folded before Flop
Seat 8: jhonnei55 collected (535)



PokerStars Hand #257124359840: Tournament #3912519499, $4.80+$5.00+$1.20 USD Hold'em No Limit - Level VIII (75/150) - 2025/07/28 14:51:45 BRT [2025/07/28 13:51:45 ET]
Table '3912519499 37' 8-max Seat #6 is the button
Seat 1: AyrtonAA95 (6134 in chips, $5 bounty) 
Seat 2: Gabrielfs13 (4111 in chips, $5 bounty) 
Seat 3: erisss (1006 in chips, $5 bounty) 
Seat 4: nacho2390 (4462 in chips, $5 bounty) 
Seat 5: Potsmoker6 (10958 in chips, $5 bounty) 
Seat 6: gladiado408 (4784 in chips, $5 bounty) 
Seat 7: joellandstrm (3971 in chips, $5 bounty) 
Seat 8: jhonnei55 (15012 in chips, $10 bounty) 
AyrtonAA95: posts the ante 20
Gabrielfs13: posts the ante 20
erisss: posts the ante 20
nacho2390: posts the ante 20
Potsmoker6: posts the ante 20
gladiado408: posts the ante 20
joellandstrm: posts the ante 20
jhonnei55: posts the ante 20
joellandstrm: posts small blind 75
jhonnei55: posts big blind 150
*** HOLE CARDS ***
Dealt to Gabrielfs13 [Qc Qs]
AyrtonAA95: folds 
Gabrielfs13: raises 150 to 300
erisss: folds 
nacho2390: folds 
Potsmoker6: folds 
gladiado408: calls 300
joellandstrm: folds 
jhonnei55: folds 
*** FLOP *** [Tc 7h Kh]
Gabrielfs13: checks 
gladiado408: bets 542
Gabrielfs13: folds 
Uncalled bet (542) returned to gladiado408
gladiado408 collected 985 from pot
gladiado408: doesn't show hand 
*** SUMMARY ***
Total pot 985 | Rake 0 
Board [Tc 7h Kh]
Seat 1: AyrtonAA95 folded before Flop (didn't bet)
Seat 2: Gabrielfs13 folded on the Flop
Seat 3: erisss folded before Flop (didn't bet)
Seat 4: nacho2390 folded before Flop (didn't bet)
Seat 5: Potsmoker6 folded before Flop (didn't bet)
Seat 6: gladiado408 (button) collected (985)
Seat 7: joellandstrm (small blind) folded before Flop
Seat 8: jhonnei55 (big blind) folded before Flop



PokerStars Hand #257124371129: Tournament #3912519499, $4.80+$5.00+$1.20 USD Hold'em No Limit - Level VIII (75/150) - 2025/07/28 14:52:39 BRT [2025/07/28 13:52:39 ET]
Table '3912519499 37' 8-max Seat #7 is the button
Seat 1: AyrtonAA95 (6114 in chips, $5 bounty) 
Seat 2: Gabrielfs13 (3791 in chips, $5 bounty) 
Seat 3: erisss (986 in chips, $5 bounty) 
Seat 4: nacho2390 (4442 in chips, $5 bounty) 
Seat 5: Potsmoker6 (10938 in chips, $5 bounty) 
Seat 6: gladiado408 (5449 in chips, $5 bounty) 
Seat 7: joellandstrm (3876 in chips, $5 bounty) 
Seat 8: jhonnei55 (14842 in chips, $10 bounty) 
AyrtonAA95: posts the ante 20
Gabrielfs13: posts the ante 20
erisss: posts the ante 20
nacho2390: posts the ante 20
Potsmoker6: posts the ante 20
gladiado408: posts the ante 20
joellandstrm: posts the ante 20
jhonnei55: posts the ante 20
jhonnei55: posts small blind 75
AyrtonAA95: posts big blind 150
*** HOLE CARDS ***
Dealt to Gabrielfs13 [6c 7s]
Gabrielfs13: folds 
erisss: folds 
nacho2390: folds 
Potsmoker6: folds 
gladiado408: raises 150 to 300
joellandstrm: folds 
jhonnei55: folds 
AyrtonAA95: calls 150
*** FLOP *** [Ts As Ks]
AyrtonAA95: checks 
gladiado408: bets 209
AyrtonAA95: folds 
Uncalled bet (209) returned to gladiado408
gladiado408 collected 835 from pot
gladiado408: doesn't show hand 
*** SUMMARY ***
Total pot 835 | Rake 0 
Board [Ts As Ks]
Seat 1: AyrtonAA95 (big blind) folded on the Flop
Seat 2: Gabrielfs13 folded before Flop (didn't bet)
Seat 3: erisss folded before Flop (didn't bet)
Seat 4: nacho2390 folded before Flop (didn't bet)
Seat 5: Potsmoker6 folded before Flop (didn't bet)
Seat 6: gladiado408 collected (835)
Seat 7: joellandstrm (button) folded before Flop (didn't bet)
Seat 8: jhonnei55 (small blind) folded before Flop



PokerStars Hand #257124381069: Tournament #3912519499, $4.80+$5.00+$1.20 USD Hold'em No Limit - Level VIII (75/150) - 2025/07/28 14:53:26 BRT [2025/07/28 13:53:26 ET]
Table '3912519499 37' 8-max Seat #8 is the button
Seat 1: AyrtonAA95 (5794 in chips, $5 bounty) 
Seat 2: Gabrielfs13 (3771 in chips, $5 bounty) 
Seat 3: erisss (966 in chips, $5 bounty) 
Seat 4: nacho2390 (4422 in chips, $5 bounty) 
Seat 5: Potsmoker6 (10918 in chips, $5 bounty) 
Seat 6: gladiado408 (5964 in chips, $5 bounty) 
Seat 7: joellandstrm (3856 in chips, $5 bounty) 
Seat 8: jhonnei55 (14747 in chips, $10 bounty) 
AyrtonAA95: posts the ante 20
Gabrielfs13: posts the ante 20
erisss: posts the ante 20
nacho2390: posts the ante 20
Potsmoker6: posts the ante 20
gladiado408: posts the ante 20
joellandstrm: posts the ante 20
jhonnei55: posts the ante 20
AyrtonAA95: posts small blind 75
Gabrielfs13: posts big blind 150
*** HOLE CARDS ***
Dealt to Gabrielfs13 [7h 7s]
erisss: folds 
nacho2390: folds 
Potsmoker6: folds 
gladiado408: folds 
joellandstrm: folds 
jhonnei55: raises 150 to 300
AyrtonAA95: folds 
Gabrielfs13: raises 3451 to 3751 and is all-in
jhonnei55: folds 
Uncalled bet (3451) returned to Gabrielfs13
Gabrielfs13 collected 835 from pot
Gabrielfs13: doesn't show hand 
*** SUMMARY ***
Total pot 835 | Rake 0 
Seat 1: AyrtonAA95 (small blind) folded before Flop
Seat 2: Gabrielfs13 (big blind) collected (835)
Seat 3: erisss folded before Flop (didn't bet)
Seat 4: nacho2390 folded before Flop (didn't bet)
Seat 5: Potsmoker6 folded before Flop (didn't bet)
Seat 6: gladiado408 folded before Flop (didn't bet)
Seat 7: joellandstrm folded before Flop (didn't bet)
Seat 8: jhonnei55 (button) folded before Flop



PokerStars Hand #257124384976: Tournament #3912519499, $4.80+$5.00+$1.20 USD Hold'em No Limit - Level VIII (75/150) - 2025/07/28 14:53:44 BRT [2025/07/28 13:53:44 ET]
Table '3912519499 37' 8-max Seat #1 is the button
Seat 1: AyrtonAA95 (5699 in chips, $5 bounty) 
Seat 2: Gabrielfs13 (4286 in chips, $5 bounty) 
Seat 3: erisss (946 in chips, $5 bounty) 
Seat 4: nacho2390 (4402 in chips, $5 bounty) 
Seat 5: Potsmoker6 (10898 in chips, $5 bounty) 
Seat 6: gladiado408 (5944 in chips, $5 bounty) 
Seat 7: joellandstrm (3836 in chips, $5 bounty) 
Seat 8: jhonnei55 (14427 in chips, $10 bounty) 
AyrtonAA95: posts the ante 20
Gabrielfs13: posts the ante 20
erisss: posts the ante 20
nacho2390: posts the ante 20
Potsmoker6: posts the ante 20
gladiado408: posts the ante 20
joellandstrm: posts the ante 20
jhonnei55: posts the ante 20
Gabrielfs13: posts small blind 75
erisss: posts big blind 150
*** HOLE CARDS ***
Dealt to Gabrielfs13 [4d 2c]
nacho2390: folds 
Potsmoker6: raises 180 to 330
gladiado408: folds 
joellandstrm: folds 
jhonnei55: folds 
AyrtonAA95: folds 
Gabrielfs13: folds 
erisss: folds 
Uncalled bet (180) returned to Potsmoker6
Potsmoker6 collected 535 from pot
Potsmoker6: doesn't show hand 
*** SUMMARY ***
Total pot 535 | Rake 0 
Seat 1: AyrtonAA95 (button) folded before Flop (didn't bet)
Seat 2: Gabrielfs13 (small blind) folded before Flop
Seat 3: erisss (big blind) folded before Flop
Seat 4: nacho2390 folded before Flop (didn't bet)
Seat 5: Potsmoker6 collected (535)
Seat 6: gladiado408 folded before Flop (didn't bet)
Seat 7: joellandstrm folded before Flop (didn't bet)
Seat 8: jhonnei55 folded before Flop (didn't bet)



PokerStars Hand #257124395267: Tournament #3912519499, $4.80+$5.00+$1.20 USD Hold'em No Limit - Level VIII (75/150) - 2025/07/28 14:54:34 BRT [2025/07/28 13:54:34 ET]
Table '3912519499 37' 8-max Seat #2 is the button
Seat 1: AyrtonAA95 (5679 in chips, $5 bounty) 
Seat 2: Gabrielfs13 (4191 in chips, $5 bounty) 
Seat 3: erisss (776 in chips, $5 bounty) 
Seat 4: nacho2390 (4382 in chips, $5 bounty) 
Seat 5: Potsmoker6 (11263 in chips, $5 bounty) 
Seat 6: gladiado408 (5924 in chips, $5 bounty) 
Seat 7: joellandstrm (3816 in chips, $5 bounty) 
Seat 8: jhonnei55 (14407 in chips, $10 bounty) 
AyrtonAA95: posts the ante 20
Gabrielfs13: posts the ante 20
erisss: posts the ante 20
nacho2390: posts the ante 20
Potsmoker6: posts the ante 20
gladiado408: posts the ante 20
joellandstrm: posts the ante 20
jhonnei55: posts the ante 20
erisss: posts small blind 75
nacho2390: posts big blind 150
*** HOLE CARDS ***
Dealt to Gabrielfs13 [6h 8s]
Potsmoker6: folds 
gladiado408: folds 
joellandstrm: folds 
jhonnei55: folds 
AyrtonAA95: folds 
Gabrielfs13: raises 150 to 300
erisss: folds 
nacho2390: calls 150
*** FLOP *** [As 8c 2h]
nacho2390: checks 
Gabrielfs13: bets 225
nacho2390: calls 225
*** TURN *** [As 8c 2h] [4h]
nacho2390: checks 
Gabrielfs13: checks 
*** RIVER *** [As 8c 2h 4h] [8h]
nacho2390: checks 
Gabrielfs13: bets 975
nacho2390: calls 975
*** SHOW DOWN ***
Gabrielfs13: shows [6h 8s] (three of a kind, Eights)
nacho2390: mucks hand 
Gabrielfs13 collected 3235 from pot
*** SUMMARY ***
Total pot 3235 | Rake 0 
Board [As 8c 2h 4h 8h]
Seat 1: AyrtonAA95 folded before Flop (didn't bet)
Seat 2: Gabrielfs13 (button) showed [6h 8s] and won (3235) with three of a kind, Eights
Seat 3: erisss (small blind) folded before Flop
Seat 4: nacho2390 (big blind) mucked [2d Jd]
Seat 5: Potsmoker6 folded before Flop (didn't bet)
Seat 6: gladiado408 folded before Flop (didn't bet)
Seat 7: joellandstrm folded before Flop (didn't bet)
Seat 8: jhonnei55 folded before Flop (didn't bet)



PokerStars Hand #257124464567: Tournament #3912519499, $4.80+$5.00+$1.20 USD Hold'em No Limit - Level IX (100/200) - 2025/07/28 15:01:49 BRT [2025/07/28 14:01:49 ET]
Table '3912519499 37' 8-max Seat #3 is the button
Seat 1: AyrtonAA95 (5659 in chips, $5 bounty) 
Seat 2: Gabrielfs13 (5906 in chips, $5 bounty) 
Seat 3: erisss (681 in chips, $5 bounty) 
Seat 4: nacho2390 (2862 in chips, $5 bounty) 
Seat 5: Potsmoker6 (11243 in chips, $5 bounty) 
Seat 6: gladiado408 (5904 in chips, $5 bounty) 
Seat 7: joellandstrm (3796 in chips, $5 bounty) 
Seat 8: jhonnei55 (14387 in chips, $10 bounty) 
AyrtonAA95: posts the ante 25
Gabrielfs13: posts the ante 25
erisss: posts the ante 25
nacho2390: posts the ante 25
Potsmoker6: posts the ante 25
gladiado408: posts the ante 25
joellandstrm: posts the ante 25
jhonnei55: posts the ante 25
nacho2390: posts small blind 100
Potsmoker6: posts big blind 200
*** HOLE CARDS ***
Dealt to Gabrielfs13 [7h 6s]
gladiado408: folds 
joellandstrm: folds 
jhonnei55: raises 200 to 400
AyrtonAA95: folds 
Gabrielfs13: folds 
erisss: folds 
nacho2390: folds 
Potsmoker6: folds 
Uncalled bet (200) returned to jhonnei55
jhonnei55 collected 700 from pot
jhonnei55: doesn't show hand 
*** SUMMARY ***
Total pot 700 | Rake 0 
Seat 1: AyrtonAA95 folded before Flop (didn't bet)
Seat 2: Gabrielfs13 folded before Flop (didn't bet)
Seat 3: erisss (button) folded before Flop (didn't bet)
Seat 4: nacho2390 (small blind) folded before Flop
Seat 5: Potsmoker6 (big blind) folded before Flop
Seat 6: gladiado408 folded before Flop (didn't bet)
Seat 7: joellandstrm folded before Flop (didn't bet)
Seat 8: jhonnei55 collected (700)



PokerStars Hand #257124473684: Tournament #3912519499, $4.80+$5.00+$1.20 USD Hold'em No Limit - Level IX (100/200) - 2025/07/28 15:02:34 BRT [2025/07/28 14:02:34 ET]
Table '3912519499 37' 8-max Seat #4 is the button
Seat 1: AyrtonAA95 (5634 in chips, $5 bounty) 
Seat 2: Gabrielfs13 (5881 in chips, $5 bounty) 
Seat 3: erisss (656 in chips, $5 bounty) 
Seat 4: nacho2390 (2737 in chips, $5 bounty) 
Seat 5: Potsmoker6 (11018 in chips, $5 bounty) 
Seat 6: gladiado408 (5879 in chips, $5 bounty) 
Seat 7: joellandstrm (3771 in chips, $5 bounty) 
Seat 8: jhonnei55 (14862 in chips, $10 bounty) 
AyrtonAA95: posts the ante 25
Gabrielfs13: posts the ante 25
erisss: posts the ante 25
nacho2390: posts the ante 25
Potsmoker6: posts the ante 25
gladiado408: posts the ante 25
joellandstrm: posts the ante 25
jhonnei55: posts the ante 25
Potsmoker6: posts small blind 100
gladiado408: posts big blind 200
*** HOLE CARDS ***
Dealt to Gabrielfs13 [Ts 9s]
joellandstrm: raises 200 to 400
jhonnei55: folds 
AyrtonAA95: folds 
Gabrielfs13: calls 400
erisss: folds 
nacho2390: folds 
Potsmoker6: folds 
gladiado408: folds 
*** FLOP *** [Ac Js Jd]
joellandstrm: bets 312
Gabrielfs13: folds 
Uncalled bet (312) returned to joellandstrm
joellandstrm collected 1300 from pot
*** SUMMARY ***
Total pot 1300 | Rake 0 
Board [Ac Js Jd]
Seat 1: AyrtonAA95 folded before Flop (didn't bet)
Seat 2: Gabrielfs13 folded on the Flop
Seat 3: erisss folded before Flop (didn't bet)
Seat 4: nacho2390 (button) folded before Flop (didn't bet)
Seat 5: Potsmoker6 (small blind) folded before Flop
Seat 6: gladiado408 (big blind) folded before Flop
Seat 7: joellandstrm collected (1300)
Seat 8: jhonnei55 folded before Flop (didn't bet)



PokerStars Hand #257124483561: Tournament #3912519499, $4.80+$5.00+$1.20 USD Hold'em No Limit - Level IX (100/200) - 2025/07/28 15:03:22 BRT [2025/07/28 14:03:22 ET]
Table '3912519499 37' 8-max Seat #5 is the button
Seat 1: AyrtonAA95 (5609 in chips, $5 bounty) 
Seat 2: Gabrielfs13 (5456 in chips, $5 bounty) 
Seat 3: erisss (631 in chips, $5 bounty) 
Seat 4: nacho2390 (2712 in chips, $5 bounty) 
Seat 5: Potsmoker6 (10893 in chips, $5 bounty) 
Seat 6: gladiado408 (5654 in chips, $5 bounty) 
Seat 7: joellandstrm (4646 in chips, $5 bounty) 
Seat 8: jhonnei55 (14837 in chips, $10 bounty) 
AyrtonAA95: posts the ante 25
Gabrielfs13: posts the ante 25
erisss: posts the ante 25
nacho2390: posts the ante 25
Potsmoker6: posts the ante 25
gladiado408: posts the ante 25
joellandstrm: posts the ante 25
jhonnei55: posts the ante 25
gladiado408: posts small blind 100
joellandstrm: posts big blind 200
*** HOLE CARDS ***
Dealt to Gabrielfs13 [4s Ac]
jhonnei55: folds 
AyrtonAA95: raises 200 to 400
Gabrielfs13: folds 
erisss: folds 
nacho2390: raises 2287 to 2687 and is all-in
Potsmoker6: folds 
gladiado408: folds 
joellandstrm: folds 
AyrtonAA95: folds 
Uncalled bet (2287) returned to nacho2390
nacho2390 collected 1300 from pot
*** SUMMARY ***
Total pot 1300 | Rake 0 
Seat 1: AyrtonAA95 folded before Flop
Seat 2: Gabrielfs13 folded before Flop (didn't bet)
Seat 3: erisss folded before Flop (didn't bet)
Seat 4: nacho2390 collected (1300)
Seat 5: Potsmoker6 (button) folded before Flop (didn't bet)
Seat 6: gladiado408 (small blind) folded before Flop
Seat 7: joellandstrm (big blind) folded before Flop
Seat 8: jhonnei55 folded before Flop (didn't bet)



PokerStars Hand #257124493516: Tournament #3912519499, $4.80+$5.00+$1.20 USD Hold'em No Limit - Level IX (100/200) - 2025/07/28 15:04:10 BRT [2025/07/28 14:04:10 ET]
Table '3912519499 37' 8-max Seat #6 is the button
Seat 1: AyrtonAA95 (5184 in chips, $5 bounty) 
Seat 2: Gabrielfs13 (5431 in chips, $5 bounty) 
Seat 3: erisss (606 in chips, $5 bounty) 
Seat 4: nacho2390 (3587 in chips, $5 bounty) 
Seat 5: Potsmoker6 (10868 in chips, $5 bounty) 
Seat 6: gladiado408 (5529 in chips, $5 bounty) 
Seat 7: joellandstrm (4421 in chips, $5 bounty) 
Seat 8: jhonnei55 (14812 in chips, $10 bounty) 
AyrtonAA95: posts the ante 25
Gabrielfs13: posts the ante 25
erisss: posts the ante 25
nacho2390: posts the ante 25
Potsmoker6: posts the ante 25
gladiado408: posts the ante 25
joellandstrm: posts the ante 25
jhonnei55: posts the ante 25
joellandstrm: posts small blind 100
jhonnei55: posts big blind 200
*** HOLE CARDS ***
Dealt to Gabrielfs13 [Ts Kd]
AyrtonAA95: folds 
Gabrielfs13: folds 
erisss: folds 
nacho2390: folds 
Potsmoker6: folds 
gladiado408: raises 200 to 400
joellandstrm: folds 
jhonnei55: calls 200
*** FLOP *** [4d Jd 3d]
jhonnei55: checks 
gladiado408: bets 275
jhonnei55: folds 
Uncalled bet (275) returned to gladiado408
gladiado408 collected 1100 from pot
gladiado408: doesn't show hand 
*** SUMMARY ***
Total pot 1100 | Rake 0 
Board [4d Jd 3d]
Seat 1: AyrtonAA95 folded before Flop (didn't bet)
Seat 2: Gabrielfs13 folded before Flop (didn't bet)
Seat 3: erisss folded before Flop (didn't bet)
Seat 4: nacho2390 folded before Flop (didn't bet)
Seat 5: Potsmoker6 folded before Flop (didn't bet)
Seat 6: gladiado408 (button) collected (1100)
Seat 7: joellandstrm (small blind) folded before Flop
Seat 8: jhonnei55 (big blind) folded on the Flop



PokerStars Hand #257124507819: Tournament #3912519499, $4.80+$5.00+$1.20 USD Hold'em No Limit - Level IX (100/200) - 2025/07/28 15:05:18 BRT [2025/07/28 14:05:18 ET]
Table '3912519499 37' 8-max Seat #7 is the button
Seat 1: AyrtonAA95 (5159 in chips, $5 bounty) 
Seat 2: Gabrielfs13 (5406 in chips, $5 bounty) 
Seat 3: erisss (581 in chips, $5 bounty) 
Seat 4: nacho2390 (3562 in chips, $5 bounty) 
Seat 5: Potsmoker6 (10843 in chips, $5 bounty) 
Seat 6: gladiado408 (6204 in chips, $5 bounty) 
Seat 7: joellandstrm (4296 in chips, $5 bounty) 
Seat 8: jhonnei55 (14387 in chips, $10 bounty) 
AyrtonAA95: posts the ante 25
Gabrielfs13: posts the ante 25
erisss: posts the ante 25
nacho2390: posts the ante 25
Potsmoker6: posts the ante 25
gladiado408: posts the ante 25
joellandstrm: posts the ante 25
jhonnei55: posts the ante 25
jhonnei55: posts small blind 100
AyrtonAA95: posts big blind 200
*** HOLE CARDS ***
Dealt to Gabrielfs13 [Qs 5d]
Gabrielfs13: folds 
erisss: folds 
nacho2390: folds 
Potsmoker6: folds 
gladiado408: folds 
joellandstrm: folds 
jhonnei55: raises 480 to 680
AyrtonAA95: calls 480
*** FLOP *** [Jc 8d 4c]
jhonnei55: bets 452
AyrtonAA95: calls 452
*** TURN *** [Jc 8d 4c] [2h]
jhonnei55: checks 
AyrtonAA95: checks 
*** RIVER *** [Jc 8d 4c 2h] [5h]
jhonnei55: bets 1900
AyrtonAA95: calls 1900
*** SHOW DOWN ***
jhonnei55: shows [3h Kh] (high card King)
AyrtonAA95: mucks hand 
jhonnei55 collected 6264 from pot
*** SUMMARY ***
Total pot 6264 | Rake 0 
Board [Jc 8d 4c 2h 5h]
Seat 1: AyrtonAA95 (big blind) mucked [Qc Td]
Seat 2: Gabrielfs13 folded before Flop (didn't bet)
Seat 3: erisss folded before Flop (didn't bet)
Seat 4: nacho2390 folded before Flop (didn't bet)
Seat 5: Potsmoker6 folded before Flop (didn't bet)
Seat 6: gladiado408 folded before Flop (didn't bet)
Seat 7: joellandstrm (button) folded before Flop (didn't bet)
Seat 8: jhonnei55 (small blind) showed [3h Kh] and won (6264) with high card King



PokerStars Hand #257124521703: Tournament #3912519499, $4.80+$5.00+$1.20 USD Hold'em No Limit - Level IX (100/200) - 2025/07/28 15:06:24 BRT [2025/07/28 14:06:24 ET]
Table '3912519499 37' 8-max Seat #8 is the button
Seat 1: AyrtonAA95 (2102 in chips, $5 bounty) 
Seat 2: Gabrielfs13 (5381 in chips, $5 bounty) 
Seat 3: erisss (556 in chips, $5 bounty) 
Seat 4: nacho2390 (3537 in chips, $5 bounty) 
Seat 5: Potsmoker6 (10818 in chips, $5 bounty) 
Seat 6: gladiado408 (6179 in chips, $5 bounty) 
Seat 7: joellandstrm (4271 in chips, $5 bounty) 
Seat 8: jhonnei55 (17594 in chips, $10 bounty) 
AyrtonAA95: posts the ante 25
Gabrielfs13: posts the ante 25
erisss: posts the ante 25
nacho2390: posts the ante 25
Potsmoker6: posts the ante 25
gladiado408: posts the ante 25
joellandstrm: posts the ante 25
jhonnei55: posts the ante 25
AyrtonAA95: posts small blind 100
Gabrielfs13: posts big blind 200
*** HOLE CARDS ***
Dealt to Gabrielfs13 [2d 3h]
erisss: folds 
nacho2390: folds 
Potsmoker6: folds 
gladiado408: calls 200
joellandstrm: raises 4046 to 4246 and is all-in
jhonnei55: folds 
AyrtonAA95: folds 
Gabrielfs13: folds 
gladiado408: folds 
Uncalled bet (4046) returned to joellandstrm
joellandstrm collected 900 from pot
*** SUMMARY ***
Total pot 900 | Rake 0 
Seat 1: AyrtonAA95 (small blind) folded before Flop
Seat 2: Gabrielfs13 (big blind) folded before Flop
Seat 3: erisss folded before Flop (didn't bet)
Seat 4: nacho2390 folded before Flop (didn't bet)
Seat 5: Potsmoker6 folded before Flop (didn't bet)
Seat 6: gladiado408 folded before Flop
Seat 7: joellandstrm collected (900)
Seat 8: jhonnei55 (button) folded before Flop (didn't bet)



PokerStars Hand #257124532868: Tournament #3912519499, $4.80+$5.00+$1.20 USD Hold'em No Limit - Level X (125/250) - 2025/07/28 15:07:17 BRT [2025/07/28 14:07:17 ET]
Table '3912519499 37' 8-max Seat #1 is the button
Seat 1: AyrtonAA95 (1977 in chips, $5 bounty) 
Seat 2: Gabrielfs13 (5156 in chips, $5 bounty) 
Seat 3: erisss (531 in chips, $5 bounty) 
Seat 4: nacho2390 (3512 in chips, $5 bounty) 
Seat 5: Potsmoker6 (10793 in chips, $5 bounty) 
Seat 6: gladiado408 (5954 in chips, $5 bounty) 
Seat 7: joellandstrm (4946 in chips, $5 bounty) 
Seat 8: jhonnei55 (17569 in chips, $10 bounty) 
AyrtonAA95: posts the ante 30
Gabrielfs13: posts the ante 30
erisss: posts the ante 30
nacho2390: posts the ante 30
Potsmoker6: posts the ante 30
gladiado408: posts the ante 30
joellandstrm: posts the ante 30
jhonnei55: posts the ante 30
Gabrielfs13: posts small blind 125
erisss: posts big blind 250
*** HOLE CARDS ***
Dealt to Gabrielfs13 [8d 2h]
nacho2390: folds 
Potsmoker6: folds 
gladiado408: folds 
joellandstrm: raises 250 to 500
jhonnei55: folds 
AyrtonAA95: folds 
Gabrielfs13: folds 
erisss: raises 1 to 501 and is all-in
joellandstrm: calls 1
*** FLOP *** [7c Qc 6h]
*** TURN *** [7c Qc 6h] [Qd]
*** RIVER *** [7c Qc 6h Qd] [8s]
*** SHOW DOWN ***
erisss: shows [Ah 4c] (a pair of Queens)
joellandstrm: shows [7s Qh] (a full house, Queens full of Sevens)
joellandstrm collected 1367 from pot
joellandstrm wins $2.50 for eliminating erisss and their own bounty increases by $2.50 to $7.50
erisss finished the tournament
*** SUMMARY ***
Total pot 1367 | Rake 0 
Board [7c Qc 6h Qd 8s]
Seat 1: AyrtonAA95 (button) folded before Flop (didn't bet)
Seat 2: Gabrielfs13 (small blind) folded before Flop
Seat 3: erisss (big blind) showed [Ah 4c] and lost with a pair of Queens
Seat 4: nacho2390 folded before Flop (didn't bet)
Seat 5: Potsmoker6 folded before Flop (didn't bet)
Seat 6: gladiado408 folded before Flop (didn't bet)
Seat 7: joellandstrm showed [7s Qh] and won (1367) with a full house, Queens full of Sevens
Seat 8: jhonnei55 folded before Flop (didn't bet)



PokerStars Hand #257124540519: Tournament #3912519499, $4.80+$5.00+$1.20 USD Hold'em No Limit - Level X (125/250) - 2025/07/28 15:07:53 BRT [2025/07/28 14:07:53 ET]
Table '3912519499 37' 8-max Seat #2 is the button
Seat 1: AyrtonAA95 (1947 in chips, $5 bounty) 
Seat 2: Gabrielfs13 (5001 in chips, $5 bounty) 
Seat 4: nacho2390 (3482 in chips, $5 bounty) 
Seat 5: Potsmoker6 (10763 in chips, $5 bounty) 
Seat 6: gladiado408 (5924 in chips, $5 bounty) 
Seat 7: joellandstrm (5782 in chips, $7.50 bounty) 
Seat 8: jhonnei55 (17539 in chips, $10 bounty) 
AyrtonAA95: posts the ante 30
Gabrielfs13: posts the ante 30
nacho2390: posts the ante 30
Potsmoker6: posts the ante 30
gladiado408: posts the ante 30
joellandstrm: posts the ante 30
jhonnei55: posts the ante 30
nacho2390: posts small blind 125
Potsmoker6: posts big blind 250
*** HOLE CARDS ***
Dealt to Gabrielfs13 [9c 2c]
gladiado408: folds 
joellandstrm: folds 
jhonnei55: raises 250 to 500
AyrtonAA95: raises 1417 to 1917 and is all-in
Gabrielfs13: folds 
nacho2390: folds 
Potsmoker6: folds 
jhonnei55: calls 1417
*** FLOP *** [6c Kh 4d]
*** TURN *** [6c Kh 4d] [Th]
*** RIVER *** [6c Kh 4d Th] [8h]
*** SHOW DOWN ***
jhonnei55: shows [8d 8s] (three of a kind, Eights)
AyrtonAA95: shows [Ah 3c] (high card Ace)
jhonnei55 collected 4419 from pot
jhonnei55 wins $2.50 for eliminating AyrtonAA95 and their own bounty increases by $2.50 to $12.50
AyrtonAA95 finished the tournament
*** SUMMARY ***
Total pot 4419 | Rake 0 
Board [6c Kh 4d Th 8h]
Seat 1: AyrtonAA95 showed [Ah 3c] and lost with high card Ace
Seat 2: Gabrielfs13 (button) folded before Flop (didn't bet)
Seat 4: nacho2390 (small blind) folded before Flop
Seat 5: Potsmoker6 (big blind) folded before Flop
Seat 6: gladiado408 folded before Flop (didn't bet)
Seat 7: joellandstrm folded before Flop (didn't bet)
Seat 8: jhonnei55 showed [8d 8s] and won (4419) with three of a kind, Eights



PokerStars Hand #257124548913: Tournament #3912519499, $4.80+$5.00+$1.20 USD Hold'em No Limit - Level X (125/250) - 2025/07/28 15:08:34 BRT [2025/07/28 14:08:34 ET]
Table '3912519499 37' 8-max Seat #4 is the button
Seat 2: Gabrielfs13 (4971 in chips, $5 bounty) 
Seat 3: Escobardo27 (12682 in chips, $5 bounty) 
Seat 4: nacho2390 (3327 in chips, $5 bounty) 
Seat 5: Potsmoker6 (10483 in chips, $5 bounty) 
Seat 6: gladiado408 (5894 in chips, $5 bounty) 
Seat 7: joellandstrm (5752 in chips, $7.50 bounty) 
Seat 8: jhonnei55 (20011 in chips, $12.50 bounty) 
Gabrielfs13: posts the ante 30
Escobardo27: posts the ante 30
nacho2390: posts the ante 30
Potsmoker6: posts the ante 30
gladiado408: posts the ante 30
joellandstrm: posts the ante 30
jhonnei55: posts the ante 30
Potsmoker6: posts small blind 125
gladiado408: posts big blind 250
*** HOLE CARDS ***
Dealt to Gabrielfs13 [6d 3s]
joellandstrm: folds 
jhonnei55: raises 250 to 500
Gabrielfs13: folds 
Escobardo27: folds 
nacho2390: folds 
Potsmoker6: folds 
gladiado408: calls 250
*** FLOP *** [6h Td 4h]
gladiado408: checks 
jhonnei55: bets 387
gladiado408 has timed out
gladiado408: folds 
gladiado408 is sitting out
Uncalled bet (387) returned to jhonnei55
jhonnei55 collected 1335 from pot
jhonnei55: doesn't show hand 
gladiado408 has returned
*** SUMMARY ***
Total pot 1335 | Rake 0 
Board [6h Td 4h]
Seat 2: Gabrielfs13 folded before Flop (didn't bet)
Seat 3: Escobardo27 folded before Flop (didn't bet)
Seat 4: nacho2390 (button) folded before Flop (didn't bet)
Seat 5: Potsmoker6 (small blind) folded before Flop
Seat 6: gladiado408 (big blind) folded on the Flop
Seat 7: joellandstrm folded before Flop (didn't bet)
Seat 8: jhonnei55 collected (1335)



PokerStars Hand #257124560387: Tournament #3912519499, $4.80+$5.00+$1.20 USD Hold'em No Limit - Level X (125/250) - 2025/07/28 15:09:28 BRT [2025/07/28 14:09:28 ET]
Table '3912519499 37' 8-max Seat #5 is the button
Seat 2: Gabrielfs13 (4941 in chips, $5 bounty) 
Seat 3: Escobardo27 (12652 in chips, $5 bounty) 
Seat 4: nacho2390 (3297 in chips, $5 bounty) 
Seat 5: Potsmoker6 (10328 in chips, $5 bounty) 
Seat 6: gladiado408 (5364 in chips, $5 bounty) 
Seat 7: joellandstrm (5722 in chips, $7.50 bounty) 
Seat 8: jhonnei55 (20816 in chips, $12.50 bounty) 
Gabrielfs13: posts the ante 30
Escobardo27: posts the ante 30
nacho2390: posts the ante 30
Potsmoker6: posts the ante 30
gladiado408: posts the ante 30
joellandstrm: posts the ante 30
jhonnei55: posts the ante 30
gladiado408: posts small blind 125
joellandstrm: posts big blind 250
*** HOLE CARDS ***
Dealt to Gabrielfs13 [9h 8c]
jhonnei55: folds 
Gabrielfs13: folds 
Escobardo27: folds 
nacho2390: folds 
Potsmoker6: raises 300 to 550
gladiado408: folds 
joellandstrm: folds 
Uncalled bet (300) returned to Potsmoker6
Potsmoker6 collected 835 from pot
Potsmoker6: doesn't show hand 
*** SUMMARY ***
Total pot 835 | Rake 0 
Seat 2: Gabrielfs13 folded before Flop (didn't bet)
Seat 3: Escobardo27 folded before Flop (didn't bet)
Seat 4: nacho2390 folded before Flop (didn't bet)
Seat 5: Potsmoker6 (button) collected (835)
Seat 6: gladiado408 (small blind) folded before Flop
Seat 7: joellandstrm (big blind) folded before Flop
Seat 8: jhonnei55 folded before Flop (didn't bet)



PokerStars Hand #257124567668: Tournament #3912519499, $4.80+$5.00+$1.20 USD Hold'em No Limit - Level X (125/250) - 2025/07/28 15:10:02 BRT [2025/07/28 14:10:02 ET]
Table '3912519499 37' 8-max Seat #6 is the button
Seat 2: Gabrielfs13 (4911 in chips, $5 bounty) 
Seat 3: Escobardo27 (12622 in chips, $5 bounty) 
Seat 4: nacho2390 (3267 in chips, $5 bounty) 
Seat 5: Potsmoker6 (10883 in chips, $5 bounty) 
Seat 6: gladiado408 (5209 in chips, $5 bounty) 
Seat 7: joellandstrm (5442 in chips, $7.50 bounty) 
Seat 8: jhonnei55 (20786 in chips, $12.50 bounty) 
Gabrielfs13: posts the ante 30
Escobardo27: posts the ante 30
nacho2390: posts the ante 30
Potsmoker6: posts the ante 30
gladiado408: posts the ante 30
joellandstrm: posts the ante 30
jhonnei55: posts the ante 30
joellandstrm: posts small blind 125
jhonnei55: posts big blind 250
*** HOLE CARDS ***
Dealt to Gabrielfs13 [3s 4d]
Gabrielfs13: folds 
Escobardo27: folds 
nacho2390: folds 
Potsmoker6: raises 300 to 550
gladiado408: folds 
joellandstrm: folds 
jhonnei55: folds 
Uncalled bet (300) returned to Potsmoker6
Potsmoker6 collected 835 from pot
Potsmoker6: doesn't show hand 
*** SUMMARY ***
Total pot 835 | Rake 0 
Seat 2: Gabrielfs13 folded before Flop (didn't bet)
Seat 3: Escobardo27 folded before Flop (didn't bet)
Seat 4: nacho2390 folded before Flop (didn't bet)
Seat 5: Potsmoker6 collected (835)
Seat 6: gladiado408 (button) folded before Flop (didn't bet)
Seat 7: joellandstrm (small blind) folded before Flop
Seat 8: jhonnei55 (big blind) folded before Flop



PokerStars Hand #257124572971: Tournament #3912519499, $4.80+$5.00+$1.20 USD Hold'em No Limit - Level X (125/250) - 2025/07/28 15:10:27 BRT [2025/07/28 14:10:27 ET]
Table '3912519499 37' 8-max Seat #7 is the button
Seat 2: Gabrielfs13 (4881 in chips, $5 bounty) 
Seat 3: Escobardo27 (12592 in chips, $5 bounty) 
Seat 4: nacho2390 (3237 in chips, $5 bounty) 
Seat 5: Potsmoker6 (11438 in chips, $5 bounty) 
Seat 6: gladiado408 (5179 in chips, $5 bounty) 
Seat 7: joellandstrm (5287 in chips, $7.50 bounty) 
Seat 8: jhonnei55 (20506 in chips, $12.50 bounty) 
Gabrielfs13: posts the ante 30
Escobardo27: posts the ante 30
nacho2390: posts the ante 30
Potsmoker6: posts the ante 30
gladiado408: posts the ante 30
joellandstrm: posts the ante 30
jhonnei55: posts the ante 30
jhonnei55: posts small blind 125
Gabrielfs13: posts big blind 250
*** HOLE CARDS ***
Dealt to Gabrielfs13 [Tc 6d]
Escobardo27: folds 
nacho2390: folds 
Potsmoker6: folds 
gladiado408: raises 250 to 500
joellandstrm: folds 
jhonnei55: folds 
Gabrielfs13: folds 
Uncalled bet (250) returned to gladiado408
gladiado408 collected 835 from pot
gladiado408: doesn't show hand 
*** SUMMARY ***
Total pot 835 | Rake 0 
Seat 2: Gabrielfs13 (big blind) folded before Flop
Seat 3: Escobardo27 folded before Flop (didn't bet)
Seat 4: nacho2390 folded before Flop (didn't bet)
Seat 5: Potsmoker6 folded before Flop (didn't bet)
Seat 6: gladiado408 collected (835)
Seat 7: joellandstrm (button) folded before Flop (didn't bet)
Seat 8: jhonnei55 (small blind) folded before Flop



PokerStars Hand #257124579013: Tournament #3912519499, $4.80+$5.00+$1.20 USD Hold'em No Limit - Level X (125/250) - 2025/07/28 15:10:55 BRT [2025/07/28 14:10:55 ET]
Table '3912519499 37' 8-max Seat #8 is the button
Seat 2: Gabrielfs13 (4601 in chips, $5 bounty) 
Seat 3: Escobardo27 (12562 in chips, $5 bounty) 
Seat 4: nacho2390 (3207 in chips, $5 bounty) 
Seat 5: Potsmoker6 (11408 in chips, $5 bounty) 
Seat 6: gladiado408 (5734 in chips, $5 bounty) 
Seat 7: joellandstrm (5257 in chips, $7.50 bounty) 
Seat 8: jhonnei55 (20351 in chips, $12.50 bounty) 
Gabrielfs13: posts the ante 30
Escobardo27: posts the ante 30
nacho2390: posts the ante 30
Potsmoker6: posts the ante 30
gladiado408: posts the ante 30
joellandstrm: posts the ante 30
jhonnei55: posts the ante 30
Gabrielfs13: posts small blind 125
Escobardo27: posts big blind 250
*** HOLE CARDS ***
Dealt to Gabrielfs13 [5d 7s]
nacho2390: folds 
Potsmoker6: raises 300 to 550
gladiado408: folds 
joellandstrm: folds 
jhonnei55: folds 
Gabrielfs13: folds 
Escobardo27: calls 300
*** FLOP *** [2c 3h Ts]
Escobardo27: bets 968
Potsmoker6: folds 
Uncalled bet (968) returned to Escobardo27
Escobardo27 collected 1435 from pot
*** SUMMARY ***
Total pot 1435 | Rake 0 
Board [2c 3h Ts]
Seat 2: Gabrielfs13 (small blind) folded before Flop
Seat 3: Escobardo27 (big blind) collected (1435)
Seat 4: nacho2390 folded before Flop (didn't bet)
Seat 5: Potsmoker6 folded on the Flop
Seat 6: gladiado408 folded before Flop (didn't bet)
Seat 7: joellandstrm folded before Flop (didn't bet)
Seat 8: jhonnei55 (button) folded before Flop (didn't bet)



PokerStars Hand #257124590780: Tournament #3912519499, $4.80+$5.00+$1.20 USD Hold'em No Limit - Level XI (150/300) - 2025/07/28 15:11:50 BRT [2025/07/28 14:11:50 ET]
Table '3912519499 37' 8-max Seat #2 is the button
Seat 1: JayPNE (5000 in chips, $5 bounty) 
Seat 2: Gabrielfs13 (4446 in chips, $5 bounty) 
Seat 3: Escobardo27 (13417 in chips, $5 bounty) 
Seat 4: nacho2390 (3177 in chips, $5 bounty) 
Seat 5: Potsmoker6 (10828 in chips, $5 bounty) 
Seat 6: gladiado408 (5704 in chips, $5 bounty) 
Seat 7: joellandstrm (5227 in chips, $7.50 bounty) 
Seat 8: jhonnei55 (20321 in chips, $12.50 bounty) 
JayPNE: posts the ante 40
Gabrielfs13: posts the ante 40
Escobardo27: posts the ante 40
nacho2390: posts the ante 40
Potsmoker6: posts the ante 40
gladiado408: posts the ante 40
joellandstrm: posts the ante 40
jhonnei55: posts the ante 40
Escobardo27: posts small blind 150
nacho2390: posts big blind 300
*** HOLE CARDS ***
Dealt to Gabrielfs13 [6d Jh]
Potsmoker6: folds 
gladiado408: folds 
joellandstrm: raises 300 to 600
jhonnei55: folds 
JayPNE: folds 
Gabrielfs13: folds 
Escobardo27: folds 
nacho2390: folds 
Uncalled bet (300) returned to joellandstrm
joellandstrm collected 1070 from pot
*** SUMMARY ***
Total pot 1070 | Rake 0 
Seat 1: JayPNE folded before Flop (didn't bet)
Seat 2: Gabrielfs13 (button) folded before Flop (didn't bet)
Seat 3: Escobardo27 (small blind) folded before Flop
Seat 4: nacho2390 (big blind) folded before Flop
Seat 5: Potsmoker6 folded before Flop (didn't bet)
Seat 6: gladiado408 folded before Flop (didn't bet)
Seat 7: joellandstrm collected (1070)
Seat 8: jhonnei55 folded before Flop (didn't bet)



PokerStars Hand #257124598370: Tournament #3912519499, $4.80+$5.00+$1.20 USD Hold'em No Limit - Level XI (150/300) - 2025/07/28 15:12:25 BRT [2025/07/28 14:12:25 ET]
Table '3912519499 37' 8-max Seat #3 is the button
Seat 1: JayPNE (4960 in chips, $5 bounty) 
Seat 2: Gabrielfs13 (4406 in chips, $5 bounty) 
Seat 3: Escobardo27 (13227 in chips, $5 bounty) 
Seat 4: nacho2390 (2837 in chips, $5 bounty) 
Seat 5: Potsmoker6 (10788 in chips, $5 bounty) 
Seat 6: gladiado408 (5664 in chips, $5 bounty) 
Seat 7: joellandstrm (5957 in chips, $7.50 bounty) 
Seat 8: jhonnei55 (20281 in chips, $12.50 bounty) 
JayPNE: posts the ante 40
Gabrielfs13: posts the ante 40
Escobardo27: posts the ante 40
nacho2390: posts the ante 40
Potsmoker6: posts the ante 40
gladiado408: posts the ante 40
joellandstrm: posts the ante 40
jhonnei55: posts the ante 40
nacho2390: posts small blind 150
Potsmoker6: posts big blind 300
*** HOLE CARDS ***
Dealt to Gabrielfs13 [7c Qs]
gladiado408: folds 
joellandstrm: folds 
jhonnei55: raises 300 to 600
JayPNE: folds 
Gabrielfs13: folds 
Escobardo27: calls 600
nacho2390: raises 2197 to 2797 and is all-in
Potsmoker6: folds 
jhonnei55: calls 2197
Escobardo27: calls 2197
*** FLOP *** [2h 9d Js]
jhonnei55: bets 4200
Escobardo27: folds 
Uncalled bet (4200) returned to jhonnei55
*** TURN *** [2h 9d Js] [Ac]
*** RIVER *** [2h 9d Js Ac] [3c]
*** SHOW DOWN ***
nacho2390: shows [4d 4c] (a pair of Fours)
jhonnei55: shows [Jd Kd] (a pair of Jacks)
jhonnei55 collected 9011 from pot
jhonnei55 wins $2.50 for eliminating nacho2390 and their own bounty increases by $2.50 to $15
nacho2390 finished the tournament
*** SUMMARY ***
Total pot 9011 | Rake 0 
Board [2h 9d Js Ac 3c]
Seat 1: JayPNE folded before Flop (didn't bet)
Seat 2: Gabrielfs13 folded before Flop (didn't bet)
Seat 3: Escobardo27 (button) folded on the Flop
Seat 4: nacho2390 (small blind) showed [4d 4c] and lost with a pair of Fours
Seat 5: Potsmoker6 (big blind) folded before Flop
Seat 6: gladiado408 folded before Flop (didn't bet)
Seat 7: joellandstrm folded before Flop (didn't bet)
Seat 8: jhonnei55 showed [Jd Kd] and won (9011) with a pair of Jacks



PokerStars Hand #257124612539: Tournament #3912519499, $4.80+$5.00+$1.20 USD Hold'em No Limit - Level XI (150/300) - 2025/07/28 15:13:31 BRT [2025/07/28 14:13:31 ET]
Table '3912519499 37' 8-max Seat #5 is the button
Seat 1: JayPNE (4920 in chips, $5 bounty) 
Seat 2: Gabrielfs13 (4366 in chips, $5 bounty) 
Seat 3: Escobardo27 (10390 in chips, $5 bounty) 
Seat 5: Potsmoker6 (10448 in chips, $5 bounty) 
Seat 6: gladiado408 (5624 in chips, $5 bounty) 
Seat 7: joellandstrm (5917 in chips, $7.50 bounty) 
Seat 8: jhonnei55 (26455 in chips, $15 bounty) 
JayPNE: posts the ante 40
Gabrielfs13: posts the ante 40
Escobardo27: posts the ante 40
Potsmoker6: posts the ante 40
gladiado408: posts the ante 40
joellandstrm: posts the ante 40
jhonnei55: posts the ante 40
gladiado408: posts small blind 150
joellandstrm: posts big blind 300
*** HOLE CARDS ***
Dealt to Gabrielfs13 [9h 4d]
faceluke is disconnected 
jhonnei55: folds 
JayPNE: raises 300 to 600
Gabrielfs13: folds 
Escobardo27: folds 
Potsmoker6: raises 1200 to 1800
gladiado408: folds 
joellandstrm: raises 4077 to 5877 and is all-in
JayPNE: calls 4280 and is all-in
Potsmoker6: folds 
Uncalled bet (997) returned to joellandstrm
*** FLOP *** [6s Jd 2s]
*** TURN *** [6s Jd 2s] [9d]
*** RIVER *** [6s Jd 2s 9d] [Js]
*** SHOW DOWN ***
joellandstrm: shows [Ks Kh] (two pair, Kings and Jacks)
JayPNE: shows [Ad Tc] (a pair of Jacks)
joellandstrm collected 11990 from pot
joellandstrm wins $2.50 for eliminating JayPNE and their own bounty increases by $2.50 to $10
JayPNE finished the tournament
*** SUMMARY ***
Total pot 11990 | Rake 0 
Board [6s Jd 2s 9d Js]
Seat 1: JayPNE showed [Ad Tc] and lost with a pair of Jacks
Seat 2: Gabrielfs13 folded before Flop (didn't bet)
Seat 3: Escobardo27 folded before Flop (didn't bet)
Seat 5: Potsmoker6 (button) folded before Flop
Seat 6: gladiado408 (small blind) folded before Flop
Seat 7: joellandstrm (big blind) showed [Ks Kh] and won (11990) with two pair, Kings and Jacks
Seat 8: jhonnei55 folded before Flop (didn't bet)



PokerStars Hand #257124625285: Tournament #3912519499, $4.80+$5.00+$1.20 USD Hold'em No Limit - Level XI (150/300) - 2025/07/28 15:14:30 BRT [2025/07/28 14:14:30 ET]
Table '3912519499 37' 8-max Seat #6 is the button
Seat 2: Gabrielfs13 (4326 in chips, $5 bounty) 
Seat 3: Escobardo27 (10350 in chips, $5 bounty) 
Seat 4: faceluke (5000 in chips, $5 bounty) 
Seat 5: Potsmoker6 (8608 in chips, $5 bounty) 
Seat 6: gladiado408 (5434 in chips, $5 bounty) 
Seat 7: joellandstrm (12987 in chips, $10 bounty) 
Seat 8: jhonnei55 (26415 in chips, $15 bounty) 
Gabrielfs13: posts the ante 40
Escobardo27: posts the ante 40
faceluke: posts the ante 40
Potsmoker6: posts the ante 40
gladiado408: posts the ante 40
joellandstrm: posts the ante 40
jhonnei55: posts the ante 40
joellandstrm: posts small blind 150
jhonnei55: posts big blind 300
*** HOLE CARDS ***
Dealt to Gabrielfs13 [8s Jh]
Gabrielfs13: folds 
Escobardo27: folds 
Olike09 is disconnected 
faceluke: folds 
Potsmoker6: folds 
gladiado408: raises 300 to 600
joellandstrm: folds 
jhonnei55: folds 
Uncalled bet (300) returned to gladiado408
gladiado408 collected 1030 from pot
gladiado408: doesn't show hand 
*** SUMMARY ***
Total pot 1030 | Rake 0 
Seat 2: Gabrielfs13 folded before Flop (didn't bet)
Seat 3: Escobardo27 folded before Flop (didn't bet)
Seat 4: faceluke folded before Flop (didn't bet)
Seat 5: Potsmoker6 folded before Flop (didn't bet)
Seat 6: gladiado408 (button) collected (1030)
Seat 7: joellandstrm (small blind) folded before Flop
Seat 8: jhonnei55 (big blind) folded before Flop



PokerStars Hand #257124631796: Tournament #3912519499, $4.80+$5.00+$1.20 USD Hold'em No Limit - Level XI (150/300) - 2025/07/28 15:15:00 BRT [2025/07/28 14:15:00 ET]
Table '3912519499 37' 8-max Seat #7 is the button
Seat 1: Olike09 (15258 in chips, $10 bounty) 
Seat 2: Gabrielfs13 (4286 in chips, $5 bounty) 
Seat 4: faceluke (4960 in chips, $5 bounty) 
Seat 5: Potsmoker6 (8568 in chips, $5 bounty) 
Seat 6: gladiado408 (6124 in chips, $5 bounty) 
Seat 7: joellandstrm (12797 in chips, $10 bounty) 
Seat 8: jhonnei55 (26075 in chips, $15 bounty) 
Olike09: posts the ante 40
Gabrielfs13: posts the ante 40
faceluke: posts the ante 40
Potsmoker6: posts the ante 40
gladiado408: posts the ante 40
joellandstrm: posts the ante 40
jhonnei55: posts the ante 40
jhonnei55: posts small blind 150
Olike09: posts big blind 300
*** HOLE CARDS ***
Dealt to Gabrielfs13 [Ad Qh]
Gabrielfs13: raises 300 to 600
faceluke: folds 
Potsmoker6: folds 
gladiado408: folds 
joellandstrm: calls 600
jhonnei55: folds 
Olike09: calls 300
*** FLOP *** [8c Ac 2c]
Olike09: checks 
Gabrielfs13: bets 736
joellandstrm: folds 
Olike09: calls 736
*** TURN *** [8c Ac 2c] [7d]
Olike09: checks 
Gabrielfs13: bets 2910 and is all-in
Olike09: calls 2910
*** RIVER *** [8c Ac 2c 7d] [2s]
*** SHOW DOWN ***
Olike09: shows [2d As] (a full house, Deuces full of Aces)
Gabrielfs13: shows [Ad Qh] (two pair, Aces and Deuces)
Olike09 collected 9522 from pot
Olike09 wins $2.50 for eliminating Gabrielfs13 and their own bounty increases by $2.50 to $12.50
Gabrielfs13 finished the tournament
*** SUMMARY ***
Total pot 9522 | Rake 0 
Board [8c Ac 2c 7d 2s]
Seat 1: Olike09 (big blind) showed [2d As] and won (9522) with a full house, Deuces full of Aces
Seat 2: Gabrielfs13 showed [Ad Qh] and lost with two pair, Aces and Deuces
Seat 4: faceluke folded before Flop (didn't bet)
Seat 5: Potsmoker6 folded before Flop (didn't bet)
Seat 6: gladiado408 folded before Flop (didn't bet)
Seat 7: joellandstrm (button) folded on the Flop
Seat 8: jhonnei55 (small blind) folded before Flop



