PokerStars Hand #257109655416: Tournament #3911960058, $4.80+$5.00+$1.20 USD Hold'em No Limit - Level VI (50/100) - 2025/07/27 13:22:50 BRT [2025/07/27 12:22:50 ET]
Table '3911960058 137' 8-max Seat #5 is the button
Seat 1: manoel2007 (8098 in chips, $7.50 bounty) 
Seat 2: Mundfreude (4303 in chips, $5 bounty) 
Seat 3: 77BRUXO77 (11660 in chips, $7.50 bounty) 
Seat 4: Gabrielfs13 (5000 in chips, $5 bounty) 
Seat 5: zneelix12 (8886 in chips, $5 bounty) 
Seat 6: skt.97 (4026 in chips, $5 bounty) 
Seat 7: Nikolov95 (4970 in chips, $5 bounty) 
Seat 8: RichsssLV (2449 in chips, $5 bounty) 
manoel2007: posts the ante 15
Mundfreude: posts the ante 15
77BRUXO77: posts the ante 15
Gabrielfs13: posts the ante 15
zneelix12: posts the ante 15
skt.97: posts the ante 15
Nikolov95: posts the ante 15
RichsssLV: posts the ante 15
skt.97: posts small blind 50
Nikolov95: posts big blind 100
*** HOLE CARDS ***
Dealt to Gabrielfs13 [5d Kh]
RichsssLV: folds 
manoel2007: folds 
Mundfreude: folds 
77BRUXO77: folds 
Gabrielfs13: raises 100 to 200
zneelix12: folds 
skt.97: folds 
Nikolov95: calls 100
*** FLOP *** [2h Qc 4d]
Nikolov95: checks 
Gabrielfs13: bets 150
Nikolov95: folds 
Uncalled bet (150) returned to Gabrielfs13
Gabrielfs13 collected 570 from pot
Gabrielfs13: doesn't show hand 
*** SUMMARY ***
Total pot 570 | Rake 0 
Board [2h Qc 4d]
Seat 1: manoel2007 folded before Flop (didn't bet)
Seat 2: Mundfreude folded before Flop (didn't bet)
Seat 3: 77BRUXO77 folded before Flop (didn't bet)
Seat 4: Gabrielfs13 collected (570)
Seat 5: zneelix12 (button) folded before Flop (didn't bet)
Seat 6: skt.97 (small blind) folded before Flop
Seat 7: Nikolov95 (big blind) folded on the Flop
Seat 8: RichsssLV folded before Flop (didn't bet)



PokerStars Hand #257109666092: Tournament #3911960058, $4.80+$5.00+$1.20 USD Hold'em No Limit - Level VI (50/100) - 2025/07/27 13:23:40 BRT [2025/07/27 12:23:40 ET]
Table '3911960058 137' 8-max Seat #6 is the button
Seat 1: manoel2007 (8083 in chips, $7.50 bounty) 
Seat 2: Mundfreude (4288 in chips, $5 bounty) 
Seat 3: 77BRUXO77 (11645 in chips, $7.50 bounty) 
Seat 4: Gabrielfs13 (5355 in chips, $5 bounty) 
Seat 5: zneelix12 (8871 in chips, $5 bounty) 
Seat 6: skt.97 (3961 in chips, $5 bounty) 
Seat 7: Nikolov95 (4755 in chips, $5 bounty) 
Seat 8: RichsssLV (2434 in chips, $5 bounty) 
manoel2007: posts the ante 15
Mundfreude: posts the ante 15
77BRUXO77: posts the ante 15
Gabrielfs13: posts the ante 15
zneelix12: posts the ante 15
skt.97: posts the ante 15
Nikolov95: posts the ante 15
RichsssLV: posts the ante 15
Nikolov95: posts small blind 50
RichsssLV: posts big blind 100
*** HOLE CARDS ***
Dealt to Gabrielfs13 [7s 5h]
manoel2007: raises 100 to 200
Mundfreude: folds 
77BRUXO77: folds 
Gabrielfs13: folds 
zneelix12: folds 
skt.97: calls 200
Nikolov95: folds 
RichsssLV: folds 
*** FLOP *** [Qh 4h 9h]
manoel2007: bets 168
skt.97: calls 168
*** TURN *** [Qh 4h 9h] [5s]
manoel2007: checks 
skt.97: bets 553
manoel2007: folds 
Uncalled bet (553) returned to skt.97
skt.97 collected 1006 from pot
skt.97: doesn't show hand 
*** SUMMARY ***
Total pot 1006 | Rake 0 
Board [Qh 4h 9h 5s]
Seat 1: manoel2007 folded on the Turn
Seat 2: Mundfreude folded before Flop (didn't bet)
Seat 3: 77BRUXO77 folded before Flop (didn't bet)
Seat 4: Gabrielfs13 folded before Flop (didn't bet)
Seat 5: zneelix12 folded before Flop (didn't bet)
Seat 6: skt.97 (button) collected (1006)
Seat 7: Nikolov95 (small blind) folded before Flop
Seat 8: RichsssLV (big blind) folded before Flop



PokerStars Hand #257109683301: Tournament #3911960058, $4.80+$5.00+$1.20 USD Hold'em No Limit - Level VI (50/100) - 2025/07/27 13:25:02 BRT [2025/07/27 12:25:02 ET]
Table '3911960058 137' 8-max Seat #7 is the button
Seat 1: manoel2007 (7700 in chips, $7.50 bounty) 
Seat 2: Mundfreude (4273 in chips, $5 bounty) 
Seat 3: 77BRUXO77 (11630 in chips, $7.50 bounty) 
Seat 4: Gabrielfs13 (5340 in chips, $5 bounty) 
Seat 5: zneelix12 (8856 in chips, $5 bounty) 
Seat 6: skt.97 (4584 in chips, $5 bounty) 
Seat 7: Nikolov95 (4690 in chips, $5 bounty) 
Seat 8: RichsssLV (2319 in chips, $5 bounty) 
manoel2007: posts the ante 15
Mundfreude: posts the ante 15
77BRUXO77: posts the ante 15
Gabrielfs13: posts the ante 15
zneelix12: posts the ante 15
skt.97: posts the ante 15
Nikolov95: posts the ante 15
RichsssLV: posts the ante 15
RichsssLV: posts small blind 50
manoel2007: posts big blind 100
*** HOLE CARDS ***
Dealt to Gabrielfs13 [Jc Th]
Mundfreude: folds 
77BRUXO77: folds 
Gabrielfs13: raises 100 to 200
zneelix12: folds 
skt.97: folds 
Nikolov95: calls 200
RichsssLV: folds 
manoel2007: calls 100
*** FLOP *** [6c Qc 8h]
manoel2007: checks 
Gabrielfs13: bets 254
Nikolov95: calls 254
manoel2007: calls 254
*** TURN *** [6c Qc 8h] [Ac]
manoel2007: checks 
Gabrielfs13: bets 766
Nikolov95: folds 
manoel2007: folds 
Uncalled bet (766) returned to Gabrielfs13
Gabrielfs13 collected 1532 from pot
Gabrielfs13: doesn't show hand 
*** SUMMARY ***
Total pot 1532 | Rake 0 
Board [6c Qc 8h Ac]
Seat 1: manoel2007 (big blind) folded on the Turn
Seat 2: Mundfreude folded before Flop (didn't bet)
Seat 3: 77BRUXO77 folded before Flop (didn't bet)
Seat 4: Gabrielfs13 collected (1532)
Seat 5: zneelix12 folded before Flop (didn't bet)
Seat 6: skt.97 folded before Flop (didn't bet)
Seat 7: Nikolov95 (button) folded on the Turn
Seat 8: RichsssLV (small blind) folded before Flop



PokerStars Hand #257109712150: Tournament #3911960058, $4.80+$5.00+$1.20 USD Hold'em No Limit - Level VII (60/120) - 2025/07/27 13:27:20 BRT [2025/07/27 12:27:20 ET]
Table '3911960058 137' 8-max Seat #8 is the button
Seat 1: manoel2007 (7231 in chips, $7.50 bounty) 
Seat 2: Mundfreude (4258 in chips, $5 bounty) 
Seat 3: 77BRUXO77 (11615 in chips, $7.50 bounty) 
Seat 4: Gabrielfs13 (6403 in chips, $5 bounty) 
Seat 5: zneelix12 (8841 in chips, $5 bounty) 
Seat 6: skt.97 (4569 in chips, $5 bounty) 
Seat 7: Nikolov95 (4221 in chips, $5 bounty) 
Seat 8: RichsssLV (2254 in chips, $5 bounty) 
manoel2007: posts the ante 18
Mundfreude: posts the ante 18
77BRUXO77: posts the ante 18
Gabrielfs13: posts the ante 18
zneelix12: posts the ante 18
skt.97: posts the ante 18
Nikolov95: posts the ante 18
RichsssLV: posts the ante 18
manoel2007: posts small blind 60
Mundfreude: posts big blind 120
*** HOLE CARDS ***
Dealt to Gabrielfs13 [5s 5d]
77BRUXO77: folds 
Gabrielfs13: raises 120 to 240
zneelix12: folds 
skt.97: folds 
Nikolov95: folds 
RichsssLV: folds 
manoel2007: folds 
Mundfreude: calls 120
*** FLOP *** [8c 2h 8h]
Mundfreude: checks 
Gabrielfs13: bets 226
Mundfreude: calls 226
*** TURN *** [8c 2h 8h] [7d]
Mundfreude: checks 
Gabrielfs13: bets 780
Mundfreude: raises 1080 to 1860
Gabrielfs13: calls 1080
*** RIVER *** [8c 2h 8h 7d] [Jc]
Mundfreude: bets 1914 and is all-in
Gabrielfs13: calls 1914
*** SHOW DOWN ***
Mundfreude: shows [Ks 8s] (three of a kind, Eights)
Gabrielfs13: shows [5s 5d] (two pair, Eights and Fives)
Mundfreude collected 8684 from pot
*** SUMMARY ***
Total pot 8684 | Rake 0 
Board [8c 2h 8h 7d Jc]
Seat 1: manoel2007 (small blind) folded before Flop
Seat 2: Mundfreude (big blind) showed [Ks 8s] and won (8684) with three of a kind, Eights
Seat 3: 77BRUXO77 folded before Flop (didn't bet)
Seat 4: Gabrielfs13 showed [5s 5d] and lost with two pair, Eights and Fives
Seat 5: zneelix12 folded before Flop (didn't bet)
Seat 6: skt.97 folded before Flop (didn't bet)
Seat 7: Nikolov95 folded before Flop (didn't bet)
Seat 8: RichsssLV (button) folded before Flop (didn't bet)



PokerStars Hand #257109731087: Tournament #3911960058, $4.80+$5.00+$1.20 USD Hold'em No Limit - Level VII (60/120) - 2025/07/27 13:28:50 BRT [2025/07/27 12:28:50 ET]
Table '3911960058 137' 8-max Seat #1 is the button
Seat 1: manoel2007 (7153 in chips, $7.50 bounty) 
Seat 2: Mundfreude (8684 in chips, $5 bounty) 
Seat 3: 77BRUXO77 (11597 in chips, $7.50 bounty) 
Seat 4: Gabrielfs13 (2145 in chips, $5 bounty) 
Seat 5: zneelix12 (8823 in chips, $5 bounty) 
Seat 6: skt.97 (4551 in chips, $5 bounty) 
Seat 7: Nikolov95 (4203 in chips, $5 bounty) 
Seat 8: RichsssLV (2236 in chips, $5 bounty) 
manoel2007: posts the ante 18
Mundfreude: posts the ante 18
77BRUXO77: posts the ante 18
Gabrielfs13: posts the ante 18
zneelix12: posts the ante 18
skt.97: posts the ante 18
Nikolov95: posts the ante 18
RichsssLV: posts the ante 18
Mundfreude: posts small blind 60
77BRUXO77: posts big blind 120
*** HOLE CARDS ***
Dealt to Gabrielfs13 [7d Ac]
Gabrielfs13: folds 
zneelix12: folds 
skt.97: folds 
Nikolov95: folds 
RichsssLV: raises 120 to 240
manoel2007: folds 
Mundfreude: folds 
77BRUXO77: calls 120
*** FLOP *** [9c Js Qs]
77BRUXO77: checks 
RichsssLV: checks 
*** TURN *** [9c Js Qs] [3d]
77BRUXO77: bets 451
RichsssLV: calls 451
*** RIVER *** [9c Js Qs 3d] [Kh]
77BRUXO77: bets 1459
RichsssLV: calls 1459
*** SHOW DOWN ***
77BRUXO77: shows [Jd Qc] (two pair, Queens and Jacks)
RichsssLV: shows [Jc Ks] (two pair, Kings and Jacks)
RichsssLV collected 4504 from pot
*** SUMMARY ***
Total pot 4504 | Rake 0 
Board [9c Js Qs 3d Kh]
Seat 1: manoel2007 (button) folded before Flop (didn't bet)
Seat 2: Mundfreude (small blind) folded before Flop
Seat 3: 77BRUXO77 (big blind) showed [Jd Qc] and lost with two pair, Queens and Jacks
Seat 4: Gabrielfs13 folded before Flop (didn't bet)
Seat 5: zneelix12 folded before Flop (didn't bet)
Seat 6: skt.97 folded before Flop (didn't bet)
Seat 7: Nikolov95 folded before Flop (didn't bet)
Seat 8: RichsssLV showed [Jc Ks] and won (4504) with two pair, Kings and Jacks



PokerStars Hand #257109750882: Tournament #3911960058, $4.80+$5.00+$1.20 USD Hold'em No Limit - Level VII (60/120) - 2025/07/27 13:30:22 BRT [2025/07/27 12:30:22 ET]
Table '3911960058 137' 8-max Seat #2 is the button
Seat 1: manoel2007 (7135 in chips, $7.50 bounty) 
Seat 2: Mundfreude (8606 in chips, $5 bounty) 
Seat 3: 77BRUXO77 (9429 in chips, $7.50 bounty) 
Seat 4: Gabrielfs13 (2127 in chips, $5 bounty) 
Seat 5: zneelix12 (8805 in chips, $5 bounty) 
Seat 6: skt.97 (4533 in chips, $5 bounty) 
Seat 7: Nikolov95 (4185 in chips, $5 bounty) 
Seat 8: RichsssLV (4572 in chips, $5 bounty) 
manoel2007: posts the ante 18
Mundfreude: posts the ante 18
77BRUXO77: posts the ante 18
Gabrielfs13: posts the ante 18
zneelix12: posts the ante 18
skt.97: posts the ante 18
Nikolov95: posts the ante 18
RichsssLV: posts the ante 18
77BRUXO77: posts small blind 60
Gabrielfs13: posts big blind 120
*** HOLE CARDS ***
Dealt to Gabrielfs13 [Ts 9d]
zneelix12: folds 
skt.97: folds 
Nikolov95: folds 
RichsssLV: folds 
manoel2007: raises 120 to 240
Mundfreude: calls 240
77BRUXO77: folds 
Gabrielfs13: calls 120
*** FLOP *** [Ah Qd 2d]
Gabrielfs13: checks 
manoel2007: bets 304
Mundfreude: folds 
Gabrielfs13: folds 
Uncalled bet (304) returned to manoel2007
manoel2007 collected 924 from pot
manoel2007: doesn't show hand 
*** SUMMARY ***
Total pot 924 | Rake 0 
Board [Ah Qd 2d]
Seat 1: manoel2007 collected (924)
Seat 2: Mundfreude (button) folded on the Flop
Seat 3: 77BRUXO77 (small blind) folded before Flop
Seat 4: Gabrielfs13 (big blind) folded on the Flop
Seat 5: zneelix12 folded before Flop (didn't bet)
Seat 6: skt.97 folded before Flop (didn't bet)
Seat 7: Nikolov95 folded before Flop (didn't bet)
Seat 8: RichsssLV folded before Flop (didn't bet)



PokerStars Hand #257109757917: Tournament #3911960058, $4.80+$5.00+$1.20 USD Hold'em No Limit - Level VII (60/120) - 2025/07/27 13:30:55 BRT [2025/07/27 12:30:55 ET]
Table '3911960058 137' 8-max Seat #3 is the button
Seat 1: manoel2007 (7801 in chips, $7.50 bounty) 
Seat 2: Mundfreude (8348 in chips, $5 bounty) 
Seat 3: 77BRUXO77 (9351 in chips, $7.50 bounty) 
Seat 4: Gabrielfs13 (1869 in chips, $5 bounty) 
Seat 5: zneelix12 (8787 in chips, $5 bounty) 
Seat 6: skt.97 (4515 in chips, $5 bounty) 
Seat 7: Nikolov95 (4167 in chips, $5 bounty) 
Seat 8: RichsssLV (4554 in chips, $5 bounty) 
manoel2007: posts the ante 18
Mundfreude: posts the ante 18
77BRUXO77: posts the ante 18
Gabrielfs13: posts the ante 18
zneelix12: posts the ante 18
skt.97: posts the ante 18
Nikolov95: posts the ante 18
RichsssLV: posts the ante 18
Gabrielfs13: posts small blind 60
zneelix12: posts big blind 120
*** HOLE CARDS ***
Dealt to Gabrielfs13 [Qh Ts]
skt.97: folds 
Nikolov95: folds 
RichsssLV: raises 132 to 252
manoel2007: folds 
Mundfreude: folds 
77BRUXO77: calls 252
Gabrielfs13: calls 192
zneelix12: folds 
*** FLOP *** [Tc 8d 6h]
Gabrielfs13: checks 
RichsssLV: checks 
77BRUXO77: checks 
*** TURN *** [Tc 8d 6h] [3d]
Gabrielfs13: bets 673
RichsssLV: folds 
77BRUXO77: raises 2177 to 2850
Gabrielfs13: calls 926 and is all-in
Uncalled bet (1251) returned to 77BRUXO77
*** RIVER *** [Tc 8d 6h 3d] [3s]
*** SHOW DOWN ***
Gabrielfs13: shows [Qh Ts] (two pair, Tens and Threes)
77BRUXO77: shows [Kd 9d] (a pair of Threes)
Gabrielfs13 collected 4218 from pot
*** SUMMARY ***
Total pot 4218 | Rake 0 
Board [Tc 8d 6h 3d 3s]
Seat 1: manoel2007 folded before Flop (didn't bet)
Seat 2: Mundfreude folded before Flop (didn't bet)
Seat 3: 77BRUXO77 (button) showed [Kd 9d] and lost with a pair of Threes
Seat 4: Gabrielfs13 (small blind) showed [Qh Ts] and won (4218) with two pair, Tens and Threes
Seat 5: zneelix12 (big blind) folded before Flop
Seat 6: skt.97 folded before Flop (didn't bet)
Seat 7: Nikolov95 folded before Flop (didn't bet)
Seat 8: RichsssLV folded on the Turn



PokerStars Hand #257109779336: Tournament #3911960058, $4.80+$5.00+$1.20 USD Hold'em No Limit - Level VII (60/120) - 2025/07/27 13:32:32 BRT [2025/07/27 12:32:32 ET]
Table '3911960058 137' 8-max Seat #4 is the button
Seat 1: manoel2007 (7783 in chips, $7.50 bounty) 
Seat 2: Mundfreude (8330 in chips, $5 bounty) 
Seat 3: 77BRUXO77 (7482 in chips, $7.50 bounty) 
Seat 4: Gabrielfs13 (4218 in chips, $5 bounty) 
Seat 5: zneelix12 (8649 in chips, $5 bounty) 
Seat 6: skt.97 (4497 in chips, $5 bounty) 
Seat 7: Nikolov95 (4149 in chips, $5 bounty) 
Seat 8: RichsssLV (4284 in chips, $5 bounty) 
manoel2007: posts the ante 18
Mundfreude: posts the ante 18
77BRUXO77: posts the ante 18
Gabrielfs13: posts the ante 18
zneelix12: posts the ante 18
skt.97: posts the ante 18
Nikolov95: posts the ante 18
RichsssLV: posts the ante 18
zneelix12: posts small blind 60
skt.97: posts big blind 120
*** HOLE CARDS ***
Dealt to Gabrielfs13 [Jh 3c]
Nikolov95: folds 
RichsssLV: raises 132 to 252
manoel2007: raises 504 to 756
Mundfreude: folds 
77BRUXO77: folds 
Gabrielfs13: folds 
zneelix12: folds 
skt.97: folds 
RichsssLV: folds 
Uncalled bet (504) returned to manoel2007
manoel2007 collected 828 from pot
manoel2007: doesn't show hand 
*** SUMMARY ***
Total pot 828 | Rake 0 
Seat 1: manoel2007 collected (828)
Seat 2: Mundfreude folded before Flop (didn't bet)
Seat 3: 77BRUXO77 folded before Flop (didn't bet)
Seat 4: Gabrielfs13 (button) folded before Flop (didn't bet)
Seat 5: zneelix12 (small blind) folded before Flop
Seat 6: skt.97 (big blind) folded before Flop
Seat 7: Nikolov95 folded before Flop (didn't bet)
Seat 8: RichsssLV folded before Flop



PokerStars Hand #257109794359: Tournament #3911960058, $4.80+$5.00+$1.20 USD Hold'em No Limit - Level VIII (70/140) - 2025/07/27 13:33:40 BRT [2025/07/27 12:33:40 ET]
Table '3911960058 137' 8-max Seat #5 is the button
Seat 1: manoel2007 (8341 in chips, $7.50 bounty) 
Seat 2: Mundfreude (8312 in chips, $5 bounty) 
Seat 3: 77BRUXO77 (7464 in chips, $7.50 bounty) 
Seat 4: Gabrielfs13 (4200 in chips, $5 bounty) 
Seat 5: zneelix12 (8571 in chips, $5 bounty) 
Seat 6: skt.97 (4359 in chips, $5 bounty) 
Seat 7: Nikolov95 (4131 in chips, $5 bounty) 
Seat 8: RichsssLV (4014 in chips, $5 bounty) 
manoel2007: posts the ante 21
Mundfreude: posts the ante 21
77BRUXO77: posts the ante 21
Gabrielfs13: posts the ante 21
zneelix12: posts the ante 21
skt.97: posts the ante 21
Nikolov95: posts the ante 21
RichsssLV: posts the ante 21
skt.97: posts small blind 70
Nikolov95: posts big blind 140
*** HOLE CARDS ***
Dealt to Gabrielfs13 [5s Jc]
RichsssLV: folds 
manoel2007: folds 
Mundfreude: folds 
77BRUXO77: folds 
Gabrielfs13: folds 
zneelix12: raises 140 to 280
skt.97: raises 700 to 980
Nikolov95: folds 
zneelix12: folds 
Uncalled bet (700) returned to skt.97
skt.97 collected 868 from pot
skt.97: doesn't show hand 
*** SUMMARY ***
Total pot 868 | Rake 0 
Seat 1: manoel2007 folded before Flop (didn't bet)
Seat 2: Mundfreude folded before Flop (didn't bet)
Seat 3: 77BRUXO77 folded before Flop (didn't bet)
Seat 4: Gabrielfs13 folded before Flop (didn't bet)
Seat 5: zneelix12 (button) folded before Flop
Seat 6: skt.97 (small blind) collected (868)
Seat 7: Nikolov95 (big blind) folded before Flop
Seat 8: RichsssLV folded before Flop (didn't bet)



PokerStars Hand #257109811669: Tournament #3911960058, $4.80+$5.00+$1.20 USD Hold'em No Limit - Level VIII (70/140) - 2025/07/27 13:34:58 BRT [2025/07/27 12:34:58 ET]
Table '3911960058 137' 8-max Seat #6 is the button
Seat 1: manoel2007 (8320 in chips, $7.50 bounty) 
Seat 2: Mundfreude (8291 in chips, $5 bounty) 
Seat 3: 77BRUXO77 (7443 in chips, $7.50 bounty) 
Seat 4: Gabrielfs13 (4179 in chips, $5 bounty) 
Seat 5: zneelix12 (8270 in chips, $5 bounty) 
Seat 6: skt.97 (4926 in chips, $5 bounty) 
Seat 7: Nikolov95 (3970 in chips, $5 bounty) 
Seat 8: RichsssLV (3993 in chips, $5 bounty) 
manoel2007: posts the ante 21
Mundfreude: posts the ante 21
77BRUXO77: posts the ante 21
Gabrielfs13: posts the ante 21
zneelix12: posts the ante 21
skt.97: posts the ante 21
Nikolov95: posts the ante 21
RichsssLV: posts the ante 21
Nikolov95: posts small blind 70
RichsssLV: posts big blind 140
*** HOLE CARDS ***
Dealt to Gabrielfs13 [Ah 4h]
manoel2007: folds 
Mundfreude: folds 
77BRUXO77: folds 
Gabrielfs13: raises 140 to 280
zneelix12: folds 
skt.97: folds 
Nikolov95: folds 
RichsssLV: folds 
Uncalled bet (140) returned to Gabrielfs13
Gabrielfs13 collected 518 from pot
Gabrielfs13: doesn't show hand 
*** SUMMARY ***
Total pot 518 | Rake 0 
Seat 1: manoel2007 folded before Flop (didn't bet)
Seat 2: Mundfreude folded before Flop (didn't bet)
Seat 3: 77BRUXO77 folded before Flop (didn't bet)
Seat 4: Gabrielfs13 collected (518)
Seat 5: zneelix12 folded before Flop (didn't bet)
Seat 6: skt.97 (button) folded before Flop (didn't bet)
Seat 7: Nikolov95 (small blind) folded before Flop
Seat 8: RichsssLV (big blind) folded before Flop



PokerStars Hand #257109827745: Tournament #3911960058, $4.80+$5.00+$1.20 USD Hold'em No Limit - Level VIII (70/140) - 2025/07/27 13:36:10 BRT [2025/07/27 12:36:10 ET]
Table '3911960058 137' 8-max Seat #7 is the button
Seat 1: manoel2007 (8299 in chips, $7.50 bounty) 
Seat 2: Mundfreude (8270 in chips, $5 bounty) 
Seat 3: 77BRUXO77 (7422 in chips, $7.50 bounty) 
Seat 4: Gabrielfs13 (4536 in chips, $5 bounty) 
Seat 5: zneelix12 (8249 in chips, $5 bounty) 
Seat 6: skt.97 (4905 in chips, $5 bounty) 
Seat 7: Nikolov95 (3879 in chips, $5 bounty) 
Seat 8: RichsssLV (3832 in chips, $5 bounty) 
manoel2007: posts the ante 21
Mundfreude: posts the ante 21
77BRUXO77: posts the ante 21
Gabrielfs13: posts the ante 21
zneelix12: posts the ante 21
skt.97: posts the ante 21
Nikolov95: posts the ante 21
RichsssLV: posts the ante 21
RichsssLV: posts small blind 70
manoel2007: posts big blind 140
*** HOLE CARDS ***
Dealt to Gabrielfs13 [9h 5c]
Mundfreude: folds 
77BRUXO77: raises 175 to 315
Gabrielfs13: folds 
zneelix12: folds 
skt.97: folds 
Nikolov95: calls 315
RichsssLV: folds 
manoel2007: calls 175
*** FLOP *** [6s 8d 8s]
manoel2007: checks 
77BRUXO77: checks 
Nikolov95: checks 
*** TURN *** [6s 8d 8s] [3s]
manoel2007: bets 887
77BRUXO77: folds 
Nikolov95: folds 
Uncalled bet (887) returned to manoel2007
manoel2007 collected 1183 from pot
manoel2007: doesn't show hand 
*** SUMMARY ***
Total pot 1183 | Rake 0 
Board [6s 8d 8s 3s]
Seat 1: manoel2007 (big blind) collected (1183)
Seat 2: Mundfreude folded before Flop (didn't bet)
Seat 3: 77BRUXO77 folded on the Turn
Seat 4: Gabrielfs13 folded before Flop (didn't bet)
Seat 5: zneelix12 folded before Flop (didn't bet)
Seat 6: skt.97 folded before Flop (didn't bet)
Seat 7: Nikolov95 (button) folded on the Turn
Seat 8: RichsssLV (small blind) folded before Flop



PokerStars Hand #257109847579: Tournament #3911960058, $4.80+$5.00+$1.20 USD Hold'em No Limit - Level VIII (70/140) - 2025/07/27 13:37:38 BRT [2025/07/27 12:37:38 ET]
Table '3911960058 137' 8-max Seat #8 is the button
Seat 1: manoel2007 (9146 in chips, $7.50 bounty) 
Seat 2: Mundfreude (8249 in chips, $5 bounty) 
Seat 3: 77BRUXO77 (7086 in chips, $7.50 bounty) 
Seat 4: Gabrielfs13 (4515 in chips, $5 bounty) 
Seat 5: zneelix12 (8228 in chips, $5 bounty) 
Seat 6: skt.97 (4884 in chips, $5 bounty) 
Seat 7: Nikolov95 (3543 in chips, $5 bounty) 
Seat 8: RichsssLV (3741 in chips, $5 bounty) 
manoel2007: posts the ante 21
Mundfreude: posts the ante 21
77BRUXO77: posts the ante 21
Gabrielfs13: posts the ante 21
zneelix12: posts the ante 21
skt.97: posts the ante 21
Nikolov95: posts the ante 21
RichsssLV: posts the ante 21
manoel2007: posts small blind 70
Mundfreude: posts big blind 140
*** HOLE CARDS ***
Dealt to Gabrielfs13 [Ah 5h]
77BRUXO77: folds 
Gabrielfs13: raises 140 to 280
zneelix12: folds 
skt.97: folds 
Nikolov95: folds 
RichsssLV: folds 
manoel2007: calls 210
Mundfreude: calls 140
*** FLOP *** [6c Th 9d]
manoel2007: checks 
Mundfreude: checks 
Gabrielfs13: bets 333
manoel2007: calls 333
Mundfreude: calls 333
*** TURN *** [6c Th 9d] [Kd]
manoel2007: checks 
Mundfreude: checks 
Gabrielfs13: checks 
*** RIVER *** [6c Th 9d Kd] [3d]
manoel2007: bets 1321
Mundfreude: folds 
Gabrielfs13: folds 
Uncalled bet (1321) returned to manoel2007
manoel2007 collected 2007 from pot
manoel2007: doesn't show hand 
*** SUMMARY ***
Total pot 2007 | Rake 0 
Board [6c Th 9d Kd 3d]
Seat 1: manoel2007 (small blind) collected (2007)
Seat 2: Mundfreude (big blind) folded on the River
Seat 3: 77BRUXO77 folded before Flop (didn't bet)
Seat 4: Gabrielfs13 folded on the River
Seat 5: zneelix12 folded before Flop (didn't bet)
Seat 6: skt.97 folded before Flop (didn't bet)
Seat 7: Nikolov95 folded before Flop (didn't bet)
Seat 8: RichsssLV (button) folded before Flop (didn't bet)



PokerStars Hand #257109875052: Tournament #3911960058, $4.80+$5.00+$1.20 USD Hold'em No Limit - Level VIII (70/140) - 2025/07/27 13:39:41 BRT [2025/07/27 12:39:41 ET]
Table '3911960058 137' 8-max Seat #1 is the button
Seat 1: manoel2007 (10519 in chips, $7.50 bounty) 
Seat 2: Mundfreude (7615 in chips, $5 bounty) 
Seat 3: 77BRUXO77 (7065 in chips, $7.50 bounty) 
Seat 4: Gabrielfs13 (3881 in chips, $5 bounty) 
Seat 5: zneelix12 (8207 in chips, $5 bounty) 
Seat 6: skt.97 (4863 in chips, $5 bounty) 
Seat 7: Nikolov95 (3522 in chips, $5 bounty) 
Seat 8: RichsssLV (3720 in chips, $5 bounty) 
manoel2007: posts the ante 21
Mundfreude: posts the ante 21
77BRUXO77: posts the ante 21
Gabrielfs13: posts the ante 21
zneelix12: posts the ante 21
skt.97: posts the ante 21
Nikolov95: posts the ante 21
RichsssLV: posts the ante 21
Mundfreude: posts small blind 70
77BRUXO77: posts big blind 140
*** HOLE CARDS ***
Dealt to Gabrielfs13 [Ah Jd]
Gabrielfs13: raises 140 to 280
zneelix12: folds 
skt.97: folds 
Nikolov95: folds 
RichsssLV: calls 280
manoel2007: folds 
Mundfreude: folds 
77BRUXO77: calls 140
*** FLOP *** [8c Kd Qs]
77BRUXO77: checks 
Gabrielfs13: bets 356
RichsssLV: calls 356
77BRUXO77: folds 
*** TURN *** [8c Kd Qs] [4d]
Gabrielfs13: bets 895
RichsssLV: calls 895
*** RIVER *** [8c Kd Qs 4d] [9c]
Gabrielfs13: bets 2329 and is all-in
RichsssLV: calls 2168 and is all-in
Uncalled bet (161) returned to Gabrielfs13
*** SHOW DOWN ***
Gabrielfs13: shows [Ah Jd] (high card Ace)
RichsssLV: shows [Jh Kc] (a pair of Kings)
RichsssLV collected 7916 from pot
*** SUMMARY ***
Total pot 7916 | Rake 0 
Board [8c Kd Qs 4d 9c]
Seat 1: manoel2007 (button) folded before Flop (didn't bet)
Seat 2: Mundfreude (small blind) folded before Flop
Seat 3: 77BRUXO77 (big blind) folded on the Flop
Seat 4: Gabrielfs13 showed [Ah Jd] and lost with high card Ace
Seat 5: zneelix12 folded before Flop (didn't bet)
Seat 6: skt.97 folded before Flop (didn't bet)
Seat 7: Nikolov95 folded before Flop (didn't bet)
Seat 8: RichsssLV showed [Jh Kc] and won (7916) with a pair of Kings



PokerStars Hand #257109896544: Tournament #3911960058, $4.80+$5.00+$1.20 USD Hold'em No Limit - Level IX (80/160) - 2025/07/27 13:41:17 BRT [2025/07/27 12:41:17 ET]
Table '3911960058 137' 8-max Seat #2 is the button
Seat 1: manoel2007 (10498 in chips, $7.50 bounty) 
Seat 2: Mundfreude (7524 in chips, $5 bounty) 
Seat 3: 77BRUXO77 (6764 in chips, $7.50 bounty) 
Seat 4: Gabrielfs13 (161 in chips, $5 bounty) 
Seat 5: zneelix12 (8186 in chips, $5 bounty) 
Seat 6: skt.97 (4842 in chips, $5 bounty) 
Seat 7: Nikolov95 (3501 in chips, $5 bounty) 
Seat 8: RichsssLV (7916 in chips, $5 bounty) 
manoel2007: posts the ante 24
Mundfreude: posts the ante 24
77BRUXO77: posts the ante 24
Gabrielfs13: posts the ante 24
zneelix12: posts the ante 24
skt.97: posts the ante 24
Nikolov95: posts the ante 24
RichsssLV: posts the ante 24
77BRUXO77: posts small blind 80
Gabrielfs13: posts big blind 137 and is all-in
*** HOLE CARDS ***
Dealt to Gabrielfs13 [2s Kc]
zneelix12: raises 183 to 320
skt.97: folds 
Nikolov95: calls 320
RichsssLV: folds 
manoel2007: calls 320
Mundfreude: calls 320
77BRUXO77: folds 
*** FLOP *** [Kd Jh Qc]
zneelix12: checks 
Nikolov95: checks 
manoel2007: checks 
Mundfreude: checks 
*** TURN *** [Kd Jh Qc] [8h]
zneelix12: checks 
Nikolov95: checks 
manoel2007: checks 
Mundfreude: checks 
*** RIVER *** [Kd Jh Qc 8h] [Ts]
zneelix12: bets 828
Nikolov95: folds 
manoel2007: folds 
Mundfreude: folds 
Uncalled bet (828) returned to zneelix12
*** SHOW DOWN ***
zneelix12: shows [2d Ad] (a straight, Ten to Ace)
zneelix12 collected 732 from side pot
Gabrielfs13: shows [2s Kc] (a pair of Kings)
zneelix12 collected 957 from main pot
zneelix12 wins $2.50 for eliminating Gabrielfs13 and their own bounty increases by $2.50 to $7.50
Gabrielfs13 finished the tournament
*** SUMMARY ***
Total pot 1689 Main pot 957. Side pot 732. | Rake 0 
Board [Kd Jh Qc 8h Ts]
Seat 1: manoel2007 folded on the River
Seat 2: Mundfreude (button) folded on the River
Seat 3: 77BRUXO77 (small blind) folded before Flop
Seat 4: Gabrielfs13 (big blind) showed [2s Kc] and lost with a pair of Kings
Seat 5: zneelix12 showed [2d Ad] and won (1689) with a straight, Ten to Ace
Seat 6: skt.97 folded before Flop (didn't bet)
Seat 7: Nikolov95 folded on the River
Seat 8: RichsssLV folded before Flop (didn't bet)



PokerStars Hand #257109943337: Tournament #3911960058, $4.80+$5.00+$1.20 USD Hold'em No Limit - Level IX (80/160) - 2025/07/27 13:44:45 BRT [2025/07/27 12:44:45 ET]
Table '3911960058 201' 8-max Seat #3 is the button
Seat 1: Bolek0815 (4087 in chips, $5 bounty) 
Seat 2: Arustokrat (42390 in chips, $16.87 bounty) 
Seat 3: AE_Sp00ner (4069 in chips, $5 bounty) 
Seat 4: acehigh480 (3773 in chips, $5 bounty) 
Seat 5: welkensonsor (14763 in chips, $7.50 bounty) 
Seat 6: elgeorginho (4907 in chips, $5 bounty) 
Seat 7: Gabrielfs13 (5000 in chips, $5 bounty) 
Seat 8: Random WaIk (6186 in chips, $5 bounty) 
Bolek0815: posts the ante 24
Arustokrat: posts the ante 24
AE_Sp00ner: posts the ante 24
acehigh480: posts the ante 24
welkensonsor: posts the ante 24
elgeorginho: posts the ante 24
Gabrielfs13: posts the ante 24
Random WaIk: posts the ante 24
acehigh480: posts small blind 80
welkensonsor: posts big blind 160
*** HOLE CARDS ***
Dealt to Gabrielfs13 [7c Qc]
elgeorginho: folds 
Gabrielfs13: raises 160 to 320
Random WaIk: folds 
Bolek0815: raises 3743 to 4063 and is all-in
Arustokrat: folds 
AE_Sp00ner: folds 
acehigh480: folds 
welkensonsor: folds 
Gabrielfs13: folds 
Uncalled bet (3743) returned to Bolek0815
Bolek0815 collected 1072 from pot
*** SUMMARY ***
Total pot 1072 | Rake 0 
Seat 1: Bolek0815 collected (1072)
Seat 2: Arustokrat folded before Flop (didn't bet)
Seat 3: AE_Sp00ner (button) folded before Flop (didn't bet)
Seat 4: acehigh480 (small blind) folded before Flop
Seat 5: welkensonsor (big blind) folded before Flop
Seat 6: elgeorginho folded before Flop (didn't bet)
Seat 7: Gabrielfs13 folded before Flop
Seat 8: Random WaIk folded before Flop (didn't bet)



PokerStars Hand #257109951207: Tournament #3911960058, $4.80+$5.00+$1.20 USD Hold'em No Limit - Level IX (80/160) - 2025/07/27 13:45:19 BRT [2025/07/27 12:45:19 ET]
Table '3911960058 201' 8-max Seat #4 is the button
Seat 1: Bolek0815 (4815 in chips, $5 bounty) 
Seat 2: Arustokrat (42366 in chips, $16.87 bounty) 
Seat 3: AE_Sp00ner (4045 in chips, $5 bounty) 
Seat 4: acehigh480 (3669 in chips, $5 bounty) 
Seat 5: welkensonsor (14579 in chips, $7.50 bounty) 
Seat 6: elgeorginho (4883 in chips, $5 bounty) 
Seat 7: Gabrielfs13 (4656 in chips, $5 bounty) 
Seat 8: Random WaIk (6162 in chips, $5 bounty) 
Bolek0815: posts the ante 24
Arustokrat: posts the ante 24
AE_Sp00ner: posts the ante 24
acehigh480: posts the ante 24
welkensonsor: posts the ante 24
elgeorginho: posts the ante 24
Gabrielfs13: posts the ante 24
Random WaIk: posts the ante 24
welkensonsor: posts small blind 80
elgeorginho: posts big blind 160
*** HOLE CARDS ***
Dealt to Gabrielfs13 [Ad Ts]
Gabrielfs13: raises 160 to 320
Random WaIk: folds 
Bolek0815: folds 
Arustokrat: folds 
AE_Sp00ner: folds 
acehigh480: folds 
welkensonsor: folds 
elgeorginho: calls 160
*** FLOP *** [Ks 7s 9d]
elgeorginho: checks 
Gabrielfs13: bets 228
elgeorginho: raises 315 to 543
Gabrielfs13: calls 315
*** TURN *** [Ks 7s 9d] [7d]
elgeorginho: bets 2358
Gabrielfs13: folds 
Uncalled bet (2358) returned to elgeorginho
elgeorginho collected 1998 from pot
elgeorginho: doesn't show hand 
*** SUMMARY ***
Total pot 1998 | Rake 0 
Board [Ks 7s 9d 7d]
Seat 1: Bolek0815 folded before Flop (didn't bet)
Seat 2: Arustokrat folded before Flop (didn't bet)
Seat 3: AE_Sp00ner folded before Flop (didn't bet)
Seat 4: acehigh480 (button) folded before Flop (didn't bet)
Seat 5: welkensonsor (small blind) folded before Flop
Seat 6: elgeorginho (big blind) collected (1998)
Seat 7: Gabrielfs13 folded on the Turn
Seat 8: Random WaIk folded before Flop (didn't bet)



PokerStars Hand #257109968999: Tournament #3911960058, $4.80+$5.00+$1.20 USD Hold'em No Limit - Level IX (80/160) - 2025/07/27 13:46:38 BRT [2025/07/27 12:46:38 ET]
Table '3911960058 201' 8-max Seat #5 is the button
Seat 1: Bolek0815 (4791 in chips, $5 bounty) 
Seat 2: Arustokrat (42342 in chips, $16.87 bounty) 
Seat 3: AE_Sp00ner (4021 in chips, $5 bounty) 
Seat 4: acehigh480 (3645 in chips, $5 bounty) 
Seat 5: welkensonsor (14475 in chips, $7.50 bounty) 
Seat 6: elgeorginho (5994 in chips, $5 bounty) 
Seat 7: Gabrielfs13 (3769 in chips, $5 bounty) 
Seat 8: Random WaIk (6138 in chips, $5 bounty) 
Bolek0815: posts the ante 24
Arustokrat: posts the ante 24
AE_Sp00ner: posts the ante 24
acehigh480: posts the ante 24
welkensonsor: posts the ante 24
elgeorginho: posts the ante 24
Gabrielfs13: posts the ante 24
Random WaIk: posts the ante 24
elgeorginho: posts small blind 80
Gabrielfs13: posts big blind 160
*** HOLE CARDS ***
Dealt to Gabrielfs13 [4h Ks]
Random WaIk: raises 240 to 400
Bolek0815: folds 
Arustokrat: folds 
AE_Sp00ner: folds 
acehigh480: calls 400
welkensonsor: folds 
elgeorginho: folds 
Gabrielfs13: folds 
*** FLOP *** [6c 6s Kc]
Random WaIk: bets 326
acehigh480: calls 326
*** TURN *** [6c 6s Kc] [Kd]
Random WaIk: bets 622
acehigh480: folds 
Uncalled bet (622) returned to Random WaIk
Random WaIk collected 1884 from pot
Random WaIk: doesn't show hand 
*** SUMMARY ***
Total pot 1884 | Rake 0 
Board [6c 6s Kc Kd]
Seat 1: Bolek0815 folded before Flop (didn't bet)
Seat 2: Arustokrat folded before Flop (didn't bet)
Seat 3: AE_Sp00ner folded before Flop (didn't bet)
Seat 4: acehigh480 folded on the Turn
Seat 5: welkensonsor (button) folded before Flop (didn't bet)
Seat 6: elgeorginho (small blind) folded before Flop
Seat 7: Gabrielfs13 (big blind) folded before Flop
Seat 8: Random WaIk collected (1884)



PokerStars Hand #257109984465: Tournament #3911960058, $4.80+$5.00+$1.20 USD Hold'em No Limit - Level IX (80/160) - 2025/07/27 13:47:47 BRT [2025/07/27 12:47:47 ET]
Table '3911960058 201' 8-max Seat #6 is the button
Seat 1: Bolek0815 (4767 in chips, $5 bounty) 
Seat 2: Arustokrat (42318 in chips, $16.87 bounty) 
Seat 3: AE_Sp00ner (3997 in chips, $5 bounty) 
Seat 4: acehigh480 (2895 in chips, $5 bounty) 
Seat 5: welkensonsor (14451 in chips, $7.50 bounty) 
Seat 6: elgeorginho (5890 in chips, $5 bounty) 
Seat 7: Gabrielfs13 (3585 in chips, $5 bounty) 
Seat 8: Random WaIk (7272 in chips, $5 bounty) 
Bolek0815: posts the ante 24
Arustokrat: posts the ante 24
AE_Sp00ner: posts the ante 24
acehigh480: posts the ante 24
welkensonsor: posts the ante 24
elgeorginho: posts the ante 24
Gabrielfs13: posts the ante 24
Random WaIk: posts the ante 24
Gabrielfs13: posts small blind 80
Random WaIk: posts big blind 160
*** HOLE CARDS ***
Dealt to Gabrielfs13 [As 2c]
Bolek0815: folds 
Arustokrat: raises 160 to 320
AE_Sp00ner: folds 
acehigh480: calls 320
welkensonsor: calls 320
elgeorginho: folds 
Gabrielfs13: folds 
Random WaIk: calls 160
*** FLOP *** [9d Qs 4h]
Random WaIk: checks 
Arustokrat: checks 
acehigh480: checks 
welkensonsor: bets 480
Random WaIk: folds 
Arustokrat: folds 
acehigh480: calls 480
*** TURN *** [9d Qs 4h] [Td]
acehigh480: checks 
welkensonsor: bets 640
acehigh480: raises 640 to 1280
welkensonsor: calls 640
*** RIVER *** [9d Qs 4h Td] [3c]
acehigh480: bets 791 and is all-in
welkensonsor: calls 791
*** SHOW DOWN ***
acehigh480: shows [Jc Ks] (a straight, Nine to King)
welkensonsor: shows [Js Kc] (a straight, Nine to King)
acehigh480 collected 3327 from pot
welkensonsor collected 3327 from pot
*** SUMMARY ***
Total pot 6654 | Rake 0 
Board [9d Qs 4h Td 3c]
Seat 1: Bolek0815 folded before Flop (didn't bet)
Seat 2: Arustokrat folded on the Flop
Seat 3: AE_Sp00ner folded before Flop (didn't bet)
Seat 4: acehigh480 showed [Jc Ks] and won (3327) with a straight, Nine to King
Seat 5: welkensonsor showed [Js Kc] and won (3327) with a straight, Nine to King
Seat 6: elgeorginho (button) folded before Flop (didn't bet)
Seat 7: Gabrielfs13 (small blind) folded before Flop
Seat 8: Random WaIk (big blind) folded on the Flop



PokerStars Hand #257110006146: Tournament #3911960058, $4.80+$5.00+$1.20 USD Hold'em No Limit - Level X (90/180) - 2025/07/27 13:49:24 BRT [2025/07/27 12:49:24 ET]
Table '3911960058 201' 8-max Seat #7 is the button
Seat 1: Bolek0815 (4743 in chips, $5 bounty) 
Seat 2: Arustokrat (41974 in chips, $16.87 bounty) 
Seat 3: AE_Sp00ner (3973 in chips, $5 bounty) 
Seat 4: acehigh480 (3327 in chips, $5 bounty) 
Seat 5: welkensonsor (14883 in chips, $7.50 bounty) 
Seat 6: elgeorginho (5866 in chips, $5 bounty) 
Seat 7: Gabrielfs13 (3481 in chips, $5 bounty) 
Seat 8: Random WaIk (6928 in chips, $5 bounty) 
Bolek0815: posts the ante 27
Arustokrat: posts the ante 27
AE_Sp00ner: posts the ante 27
acehigh480: posts the ante 27
welkensonsor: posts the ante 27
elgeorginho: posts the ante 27
Gabrielfs13: posts the ante 27
Random WaIk: posts the ante 27
Random WaIk: posts small blind 90
Bolek0815: posts big blind 180
*** HOLE CARDS ***
Dealt to Gabrielfs13 [2s 6h]
Arustokrat: folds 
AE_Sp00ner: raises 198 to 378
acehigh480: folds 
welkensonsor: folds 
elgeorginho: folds 
Gabrielfs13: folds 
Random WaIk: folds 
Bolek0815: raises 4338 to 4716 and is all-in
AE_Sp00ner: folds 
Uncalled bet (4338) returned to Bolek0815
Bolek0815 collected 1062 from pot
*** SUMMARY ***
Total pot 1062 | Rake 0 
Seat 1: Bolek0815 (big blind) collected (1062)
Seat 2: Arustokrat folded before Flop (didn't bet)
Seat 3: AE_Sp00ner folded before Flop
Seat 4: acehigh480 folded before Flop (didn't bet)
Seat 5: welkensonsor folded before Flop (didn't bet)
Seat 6: elgeorginho folded before Flop (didn't bet)
Seat 7: Gabrielfs13 (button) folded before Flop (didn't bet)
Seat 8: Random WaIk (small blind) folded before Flop



PokerStars Hand #257110017171: Tournament #3911960058, $4.80+$5.00+$1.20 USD Hold'em No Limit - Level X (90/180) - 2025/07/27 13:50:14 BRT [2025/07/27 12:50:14 ET]
Table '3911960058 201' 8-max Seat #8 is the button
Seat 1: Bolek0815 (5400 in chips, $5 bounty) 
Seat 2: Arustokrat (41947 in chips, $16.87 bounty) 
Seat 3: AE_Sp00ner (3568 in chips, $5 bounty) 
Seat 4: acehigh480 (3300 in chips, $5 bounty) 
Seat 5: welkensonsor (14856 in chips, $7.50 bounty) 
Seat 6: elgeorginho (5839 in chips, $5 bounty) 
Seat 7: Gabrielfs13 (3454 in chips, $5 bounty) 
Seat 8: Random WaIk (6811 in chips, $5 bounty) 
Bolek0815: posts the ante 27
Arustokrat: posts the ante 27
AE_Sp00ner: posts the ante 27
acehigh480: posts the ante 27
welkensonsor: posts the ante 27
elgeorginho: posts the ante 27
Gabrielfs13: posts the ante 27
Random WaIk: posts the ante 27
Bolek0815: posts small blind 90
Arustokrat: posts big blind 180
*** HOLE CARDS ***
Dealt to Gabrielfs13 [3h 3c]
AE_Sp00ner: folds 
acehigh480: raises 180 to 360
welkensonsor: calls 360
elgeorginho: folds 
Gabrielfs13: calls 360
Random WaIk: folds 
Bolek0815: calls 270
Arustokrat: raises 1890 to 2250
acehigh480: raises 1023 to 3273 and is all-in
welkensonsor: folds 
Gabrielfs13: folds 
Bolek0815: calls 2913
Arustokrat: calls 1023
*** FLOP *** [5d 3s Js]
Bolek0815: checks 
Arustokrat: bets 5162
Bolek0815: folds 
Uncalled bet (5162) returned to Arustokrat
*** TURN *** [5d 3s Js] [6s]
*** RIVER *** [5d 3s Js 6s] [6c]
*** SHOW DOWN ***
Arustokrat: shows [Qc Kh] (a pair of Sixes)
acehigh480: shows [Jd Th] (two pair, Jacks and Sixes)
acehigh480 collected 10755 from pot
*** SUMMARY ***
Total pot 10755 | Rake 0 
Board [5d 3s Js 6s 6c]
Seat 1: Bolek0815 (small blind) folded on the Flop
Seat 2: Arustokrat (big blind) showed [Qc Kh] and lost with a pair of Sixes
Seat 3: AE_Sp00ner folded before Flop (didn't bet)
Seat 4: acehigh480 showed [Jd Th] and won (10755) with two pair, Jacks and Sixes
Seat 5: welkensonsor folded before Flop
Seat 6: elgeorginho folded before Flop (didn't bet)
Seat 7: Gabrielfs13 folded before Flop
Seat 8: Random WaIk (button) folded before Flop (didn't bet)



PokerStars Hand #257110032299: Tournament #3911960058, $4.80+$5.00+$1.20 USD Hold'em No Limit - Level X (90/180) - 2025/07/27 13:51:22 BRT [2025/07/27 12:51:22 ET]
Table '3911960058 201' 8-max Seat #1 is the button
Seat 1: Bolek0815 (2100 in chips, $5 bounty) 
Seat 2: Arustokrat (38647 in chips, $16.87 bounty) 
Seat 3: AE_Sp00ner (3541 in chips, $5 bounty) 
Seat 4: acehigh480 (10755 in chips, $5 bounty) 
Seat 5: welkensonsor (14469 in chips, $7.50 bounty) 
Seat 6: elgeorginho (5812 in chips, $5 bounty) 
Seat 7: Gabrielfs13 (3067 in chips, $5 bounty) 
Seat 8: Random WaIk (6784 in chips, $5 bounty) 
Bolek0815: posts the ante 27
Arustokrat: posts the ante 27
AE_Sp00ner: posts the ante 27
acehigh480: posts the ante 27
welkensonsor: posts the ante 27
elgeorginho: posts the ante 27
Gabrielfs13: posts the ante 27
Random WaIk: posts the ante 27
Arustokrat: posts small blind 90
AE_Sp00ner: posts big blind 180
*** HOLE CARDS ***
Dealt to Gabrielfs13 [2s Qc]
acehigh480: folds 
welkensonsor: raises 180 to 360
elgeorginho: folds 
Gabrielfs13: folds 
Random WaIk: folds 
Bolek0815: folds 
Arustokrat: folds 
AE_Sp00ner: folds 
Uncalled bet (180) returned to welkensonsor
welkensonsor collected 666 from pot
welkensonsor: doesn't show hand 
*** SUMMARY ***
Total pot 666 | Rake 0 
Seat 1: Bolek0815 (button) folded before Flop (didn't bet)
Seat 2: Arustokrat (small blind) folded before Flop
Seat 3: AE_Sp00ner (big blind) folded before Flop
Seat 4: acehigh480 folded before Flop (didn't bet)
Seat 5: welkensonsor collected (666)
Seat 6: elgeorginho folded before Flop (didn't bet)
Seat 7: Gabrielfs13 folded before Flop (didn't bet)
Seat 8: Random WaIk folded before Flop (didn't bet)



PokerStars Hand #257110039575: Tournament #3911960058, $4.80+$5.00+$1.20 USD Hold'em No Limit - Level X (90/180) - 2025/07/27 13:51:55 BRT [2025/07/27 12:51:55 ET]
Table '3911960058 201' 8-max Seat #2 is the button
Seat 1: Bolek0815 (2073 in chips, $5 bounty) 
Seat 2: Arustokrat (38530 in chips, $16.87 bounty) 
Seat 3: AE_Sp00ner (3334 in chips, $5 bounty) 
Seat 4: acehigh480 (10728 in chips, $5 bounty) 
Seat 5: welkensonsor (14928 in chips, $7.50 bounty) 
Seat 6: elgeorginho (5785 in chips, $5 bounty) 
Seat 7: Gabrielfs13 (3040 in chips, $5 bounty) 
Seat 8: Random WaIk (6757 in chips, $5 bounty) 
Bolek0815: posts the ante 27
Arustokrat: posts the ante 27
AE_Sp00ner: posts the ante 27
acehigh480: posts the ante 27
welkensonsor: posts the ante 27
elgeorginho: posts the ante 27
Gabrielfs13: posts the ante 27
Random WaIk: posts the ante 27
AE_Sp00ner: posts small blind 90
acehigh480: posts big blind 180
*** HOLE CARDS ***
Dealt to Gabrielfs13 [3c 8s]
welkensonsor: raises 180 to 360
elgeorginho: calls 360
Gabrielfs13: folds 
Random WaIk: folds 
Bolek0815: raises 1686 to 2046 and is all-in
Arustokrat: folds 
AE_Sp00ner: folds 
acehigh480: folds 
welkensonsor: folds 
elgeorginho: calls 1686
*** FLOP *** [7s 2c Qd]
*** TURN *** [7s 2c Qd] [Ad]
*** RIVER *** [7s 2c Qd Ad] [Kd]
*** SHOW DOWN ***
elgeorginho: shows [Qc Ac] (two pair, Aces and Queens)
Bolek0815: shows [Js Jd] (a pair of Jacks)
elgeorginho collected 4938 from pot
elgeorginho wins $2.50 for eliminating Bolek0815 and their own bounty increases by $2.50 to $7.50
Bolek0815 finished the tournament
*** SUMMARY ***
Total pot 4938 | Rake 0 
Board [7s 2c Qd Ad Kd]
Seat 1: Bolek0815 showed [Js Jd] and lost with a pair of Jacks
Seat 2: Arustokrat (button) folded before Flop (didn't bet)
Seat 3: AE_Sp00ner (small blind) folded before Flop
Seat 4: acehigh480 (big blind) folded before Flop
Seat 5: welkensonsor folded before Flop
Seat 6: elgeorginho showed [Qc Ac] and won (4938) with two pair, Aces and Queens
Seat 7: Gabrielfs13 folded before Flop (didn't bet)
Seat 8: Random WaIk folded before Flop (didn't bet)



PokerStars Hand #257110048352: Tournament #3911960058, $4.80+$5.00+$1.20 USD Hold'em No Limit - Level X (90/180) - 2025/07/27 13:52:34 BRT [2025/07/27 12:52:34 ET]
Table '3911960058 201' 8-max Seat #3 is the button
Seat 2: Arustokrat (38503 in chips, $16.87 bounty) 
Seat 3: AE_Sp00ner (3217 in chips, $5 bounty) 
Seat 4: acehigh480 (10521 in chips, $5 bounty) 
Seat 5: welkensonsor (14541 in chips, $7.50 bounty) 
Seat 6: elgeorginho (8650 in chips, $7.50 bounty) 
Seat 7: Gabrielfs13 (3013 in chips, $5 bounty) 
Seat 8: Random WaIk (6730 in chips, $5 bounty) 
Arustokrat: posts the ante 27
AE_Sp00ner: posts the ante 27
acehigh480: posts the ante 27
welkensonsor: posts the ante 27
elgeorginho: posts the ante 27
Gabrielfs13: posts the ante 27
Random WaIk: posts the ante 27
acehigh480: posts small blind 90
welkensonsor: posts big blind 180
*** HOLE CARDS ***
Dealt to Gabrielfs13 [Kd 2c]
elgeorginho: folds 
zocro is disconnected 
Gabrielfs13 has timed out
Gabrielfs13: folds 
Gabrielfs13 is sitting out
Random WaIk: folds 
Gabrielfs13 has returned
Arustokrat: raises 180 to 360
AE_Sp00ner: folds 
acehigh480: folds 
welkensonsor: calls 180
*** FLOP *** [Js 6h 4h]
welkensonsor: bets 540
Arustokrat: calls 540
*** TURN *** [Js 6h 4h] [3c]
welkensonsor: bets 1040
Arustokrat: folds 
Uncalled bet (1040) returned to welkensonsor
welkensonsor collected 2079 from pot
welkensonsor: doesn't show hand 
*** SUMMARY ***
Total pot 2079 | Rake 0 
Board [Js 6h 4h 3c]
Seat 2: Arustokrat folded on the Turn
Seat 3: AE_Sp00ner (button) folded before Flop (didn't bet)
Seat 4: acehigh480 (small blind) folded before Flop
Seat 5: welkensonsor (big blind) collected (2079)
Seat 6: elgeorginho folded before Flop (didn't bet)
Seat 7: Gabrielfs13 folded before Flop (didn't bet)
Seat 8: Random WaIk folded before Flop (didn't bet)



PokerStars Hand #257110073947: Tournament #3911960058, $4.80+$5.00+$1.20 USD Hold'em No Limit - Level X (90/180) - 2025/07/27 13:54:29 BRT [2025/07/27 12:54:29 ET]
Table '3911960058 201' 8-max Seat #4 is the button
Seat 1: zocro (2111 in chips, $5 bounty) 
Seat 2: Arustokrat (37576 in chips, $16.87 bounty) 
Seat 3: AE_Sp00ner (3190 in chips, $5 bounty) 
Seat 4: acehigh480 (10404 in chips, $5 bounty) 
Seat 5: welkensonsor (15693 in chips, $7.50 bounty) 
Seat 6: elgeorginho (8623 in chips, $7.50 bounty) 
Seat 7: Gabrielfs13 (2986 in chips, $5 bounty) 
Seat 8: Random WaIk (6703 in chips, $5 bounty) 
zocro: posts the ante 27
Arustokrat: posts the ante 27
AE_Sp00ner: posts the ante 27
acehigh480: posts the ante 27
welkensonsor: posts the ante 27
elgeorginho: posts the ante 27
Gabrielfs13: posts the ante 27
Random WaIk: posts the ante 27
welkensonsor: posts small blind 90
elgeorginho: posts big blind 180
*** HOLE CARDS ***
Dealt to Gabrielfs13 [8h 4d]
Gabrielfs13: folds 
Random WaIk: folds 
zocro: folds 
Arustokrat: folds 
AE_Sp00ner: folds 
acehigh480: folds 
welkensonsor: folds 
Uncalled bet (90) returned to elgeorginho
elgeorginho collected 396 from pot
elgeorginho: doesn't show hand 
*** SUMMARY ***
Total pot 396 | Rake 0 
Seat 1: zocro folded before Flop (didn't bet)
Seat 2: Arustokrat folded before Flop (didn't bet)
Seat 3: AE_Sp00ner folded before Flop (didn't bet)
Seat 4: acehigh480 (button) folded before Flop (didn't bet)
Seat 5: welkensonsor (small blind) folded before Flop
Seat 6: elgeorginho (big blind) collected (396)
Seat 7: Gabrielfs13 folded before Flop (didn't bet)
Seat 8: Random WaIk folded before Flop (didn't bet)



PokerStars Hand #257110081652: Tournament #3911960058, $4.80+$5.00+$1.20 USD Hold'em No Limit - Level X (90/180) - 2025/07/27 13:55:03 BRT [2025/07/27 12:55:03 ET]
Table '3911960058 201' 8-max Seat #5 is the button
Seat 1: zocro (2084 in chips, $5 bounty) 
Seat 2: Arustokrat (37549 in chips, $16.87 bounty) 
Seat 3: AE_Sp00ner (3163 in chips, $5 bounty) 
Seat 4: acehigh480 (10377 in chips, $5 bounty) 
Seat 5: welkensonsor (15576 in chips, $7.50 bounty) 
Seat 6: elgeorginho (8902 in chips, $7.50 bounty) 
Seat 7: Gabrielfs13 (2959 in chips, $5 bounty) 
Seat 8: Random WaIk (6676 in chips, $5 bounty) 
zocro: posts the ante 27
Arustokrat: posts the ante 27
AE_Sp00ner: posts the ante 27
acehigh480: posts the ante 27
welkensonsor: posts the ante 27
elgeorginho: posts the ante 27
Gabrielfs13: posts the ante 27
Random WaIk: posts the ante 27
elgeorginho: posts small blind 90
Gabrielfs13: posts big blind 180
*** HOLE CARDS ***
Dealt to Gabrielfs13 [4h 7c]
Random WaIk: folds 
zocro: folds 
Arustokrat: raises 180 to 360
AE_Sp00ner: folds 
acehigh480: folds 
welkensonsor: folds 
elgeorginho: folds 
Gabrielfs13: folds 
Uncalled bet (180) returned to Arustokrat
Arustokrat collected 666 from pot
Arustokrat: doesn't show hand 
*** SUMMARY ***
Total pot 666 | Rake 0 
Seat 1: zocro folded before Flop (didn't bet)
Seat 2: Arustokrat collected (666)
Seat 3: AE_Sp00ner folded before Flop (didn't bet)
Seat 4: acehigh480 folded before Flop (didn't bet)
Seat 5: welkensonsor (button) folded before Flop (didn't bet)
Seat 6: elgeorginho (small blind) folded before Flop
Seat 7: Gabrielfs13 (big blind) folded before Flop
Seat 8: Random WaIk folded before Flop (didn't bet)



PokerStars Hand #257110153027: Tournament #3911960058, $4.80+$5.00+$1.20 USD Hold'em No Limit - Level X (90/180) - 2025/07/27 14:02:26 BRT [2025/07/27 13:02:26 ET]
Table '3911960058 201' 8-max Seat #6 is the button
Seat 1: zocro (2057 in chips, $5 bounty) 
Seat 2: Arustokrat (38008 in chips, $16.87 bounty) 
Seat 3: AE_Sp00ner (3136 in chips, $5 bounty) 
Seat 4: acehigh480 (10350 in chips, $5 bounty) 
Seat 5: welkensonsor (15549 in chips, $7.50 bounty) 
Seat 6: elgeorginho (8785 in chips, $7.50 bounty) 
Seat 7: Gabrielfs13 (2752 in chips, $5 bounty) 
Seat 8: Random WaIk (6649 in chips, $5 bounty) 
zocro: posts the ante 27
Arustokrat: posts the ante 27
AE_Sp00ner: posts the ante 27
acehigh480: posts the ante 27
welkensonsor: posts the ante 27
elgeorginho: posts the ante 27
Gabrielfs13: posts the ante 27
Random WaIk: posts the ante 27
Gabrielfs13: posts small blind 90
Random WaIk: posts big blind 180
*** HOLE CARDS ***
Dealt to Gabrielfs13 [4d 3s]
zocro: folds 
Arustokrat: folds 
AE_Sp00ner: folds 
acehigh480: folds 
welkensonsor: raises 180 to 360
elgeorginho: folds 
Gabrielfs13: folds 
Random WaIk: raises 1098 to 1458
welkensonsor: folds 
Uncalled bet (1098) returned to Random WaIk
Random WaIk collected 1026 from pot
Random WaIk: doesn't show hand 
*** SUMMARY ***
Total pot 1026 | Rake 0 
Seat 1: zocro folded before Flop (didn't bet)
Seat 2: Arustokrat folded before Flop (didn't bet)
Seat 3: AE_Sp00ner folded before Flop (didn't bet)
Seat 4: acehigh480 folded before Flop (didn't bet)
Seat 5: welkensonsor folded before Flop
Seat 6: elgeorginho (button) folded before Flop (didn't bet)
Seat 7: Gabrielfs13 (small blind) folded before Flop
Seat 8: Random WaIk (big blind) collected (1026)



PokerStars Hand #257110165281: Tournament #3911960058, $4.80+$5.00+$1.20 USD Hold'em No Limit - Level X (90/180) - 2025/07/27 14:03:18 BRT [2025/07/27 13:03:18 ET]
Table '3911960058 201' 8-max Seat #7 is the button
Seat 1: zocro (2030 in chips, $5 bounty) 
Seat 2: Arustokrat (37981 in chips, $16.87 bounty) 
Seat 3: AE_Sp00ner (3109 in chips, $5 bounty) 
Seat 4: acehigh480 (10323 in chips, $5 bounty) 
Seat 5: welkensonsor (15162 in chips, $7.50 bounty) 
Seat 6: elgeorginho (8758 in chips, $7.50 bounty) 
Seat 7: Gabrielfs13 (2635 in chips, $5 bounty) 
Seat 8: Random WaIk (7288 in chips, $5 bounty) 
zocro: posts the ante 27
Arustokrat: posts the ante 27
AE_Sp00ner: posts the ante 27
acehigh480: posts the ante 27
welkensonsor: posts the ante 27
elgeorginho: posts the ante 27
Gabrielfs13: posts the ante 27
Random WaIk: posts the ante 27
Random WaIk: posts small blind 90
zocro: posts big blind 180
*** HOLE CARDS ***
Dealt to Gabrielfs13 [Qc 6d]
Arustokrat: folds 
AE_Sp00ner: folds 
acehigh480: folds 
welkensonsor: folds 
elgeorginho: folds 
Gabrielfs13: raises 180 to 360
Random WaIk: raises 6901 to 7261 and is all-in
zocro: folds 
Gabrielfs13: folds 
Uncalled bet (6901) returned to Random WaIk
Random WaIk collected 1116 from pot
Random WaIk: doesn't show hand 
*** SUMMARY ***
Total pot 1116 | Rake 0 
Seat 1: zocro (big blind) folded before Flop
Seat 2: Arustokrat folded before Flop (didn't bet)
Seat 3: AE_Sp00ner folded before Flop (didn't bet)
Seat 4: acehigh480 folded before Flop (didn't bet)
Seat 5: welkensonsor folded before Flop (didn't bet)
Seat 6: elgeorginho folded before Flop (didn't bet)
Seat 7: Gabrielfs13 (button) folded before Flop
Seat 8: Random WaIk (small blind) collected (1116)



PokerStars Hand #257110175811: Tournament #3911960058, $4.80+$5.00+$1.20 USD Hold'em No Limit - Level X (90/180) - 2025/07/27 14:04:03 BRT [2025/07/27 13:04:03 ET]
Table '3911960058 201' 8-max Seat #8 is the button
Seat 1: zocro (1823 in chips, $5 bounty) 
Seat 2: Arustokrat (37954 in chips, $16.87 bounty) 
Seat 3: AE_Sp00ner (3082 in chips, $5 bounty) 
Seat 4: acehigh480 (10296 in chips, $5 bounty) 
Seat 5: welkensonsor (15135 in chips, $7.50 bounty) 
Seat 6: elgeorginho (8731 in chips, $7.50 bounty) 
Seat 7: Gabrielfs13 (2248 in chips, $5 bounty) 
Seat 8: Random WaIk (8017 in chips, $5 bounty) 
zocro: posts the ante 27
Arustokrat: posts the ante 27
AE_Sp00ner: posts the ante 27
acehigh480: posts the ante 27
welkensonsor: posts the ante 27
elgeorginho: posts the ante 27
Gabrielfs13: posts the ante 27
Random WaIk: posts the ante 27
zocro: posts small blind 90
Arustokrat: posts big blind 180
*** HOLE CARDS ***
Dealt to Gabrielfs13 [6h 9c]
AE_Sp00ner: folds 
acehigh480: folds 
welkensonsor: raises 180 to 360
elgeorginho: folds 
Gabrielfs13: folds 
Random WaIk: folds 
zocro: folds 
Arustokrat: calls 180
*** FLOP *** [Qc Ah 3s]
Arustokrat: checks 
welkensonsor: bets 360
Arustokrat: folds 
Uncalled bet (360) returned to welkensonsor
welkensonsor collected 1026 from pot
welkensonsor: doesn't show hand 
*** SUMMARY ***
Total pot 1026 | Rake 0 
Board [Qc Ah 3s]
Seat 1: zocro (small blind) folded before Flop
Seat 2: Arustokrat (big blind) folded on the Flop
Seat 3: AE_Sp00ner folded before Flop (didn't bet)
Seat 4: acehigh480 folded before Flop (didn't bet)
Seat 5: welkensonsor collected (1026)
Seat 6: elgeorginho folded before Flop (didn't bet)
Seat 7: Gabrielfs13 folded before Flop (didn't bet)
Seat 8: Random WaIk (button) folded before Flop (didn't bet)



PokerStars Hand #257110184999: Tournament #3911960058, $4.80+$5.00+$1.20 USD Hold'em No Limit - Level XI (100/200) - 2025/07/27 14:04:43 BRT [2025/07/27 13:04:43 ET]
Table '3911960058 201' 8-max Seat #1 is the button
Seat 1: zocro (1706 in chips, $5 bounty) 
Seat 2: Arustokrat (37567 in chips, $16.87 bounty) 
Seat 3: AE_Sp00ner (3055 in chips, $5 bounty) 
Seat 4: acehigh480 (10269 in chips, $5 bounty) 
Seat 5: welkensonsor (15774 in chips, $7.50 bounty) 
Seat 6: elgeorginho (8704 in chips, $7.50 bounty) 
Seat 7: Gabrielfs13 (2221 in chips, $5 bounty) 
Seat 8: Random WaIk (7990 in chips, $5 bounty) 
zocro: posts the ante 30
Arustokrat: posts the ante 30
AE_Sp00ner: posts the ante 30
acehigh480: posts the ante 30
welkensonsor: posts the ante 30
elgeorginho: posts the ante 30
Gabrielfs13: posts the ante 30
Random WaIk: posts the ante 30
Arustokrat: posts small blind 100
AE_Sp00ner: posts big blind 200
*** HOLE CARDS ***
Dealt to Gabrielfs13 [Qh 5c]
acehigh480: folds 
welkensonsor: raises 200 to 400
elgeorginho: folds 
Gabrielfs13: folds 
Random WaIk: folds 
zocro: folds 
Arustokrat: folds 
AE_Sp00ner: folds 
Uncalled bet (200) returned to welkensonsor
welkensonsor collected 740 from pot
welkensonsor: doesn't show hand 
*** SUMMARY ***
Total pot 740 | Rake 0 
Seat 1: zocro (button) folded before Flop (didn't bet)
Seat 2: Arustokrat (small blind) folded before Flop
Seat 3: AE_Sp00ner (big blind) folded before Flop
Seat 4: acehigh480 folded before Flop (didn't bet)
Seat 5: welkensonsor collected (740)
Seat 6: elgeorginho folded before Flop (didn't bet)
Seat 7: Gabrielfs13 folded before Flop (didn't bet)
Seat 8: Random WaIk folded before Flop (didn't bet)



PokerStars Hand #257110192284: Tournament #3911960058, $4.80+$5.00+$1.20 USD Hold'em No Limit - Level XI (100/200) - 2025/07/27 14:05:12 BRT [2025/07/27 13:05:12 ET]
Table '3911960058 201' 8-max Seat #2 is the button
Seat 1: zocro (1676 in chips, $5 bounty) 
Seat 2: Arustokrat (37437 in chips, $16.87 bounty) 
Seat 3: AE_Sp00ner (2825 in chips, $5 bounty) 
Seat 4: acehigh480 (10239 in chips, $5 bounty) 
Seat 5: welkensonsor (16284 in chips, $7.50 bounty) 
Seat 6: elgeorginho (8674 in chips, $7.50 bounty) 
Seat 7: Gabrielfs13 (2191 in chips, $5 bounty) 
Seat 8: Random WaIk (7960 in chips, $5 bounty) 
zocro: posts the ante 30
Arustokrat: posts the ante 30
AE_Sp00ner: posts the ante 30
acehigh480: posts the ante 30
welkensonsor: posts the ante 30
elgeorginho: posts the ante 30
Gabrielfs13: posts the ante 30
Random WaIk: posts the ante 30
AE_Sp00ner: posts small blind 100
acehigh480: posts big blind 200
*** HOLE CARDS ***
Dealt to Gabrielfs13 [Js 9s]
welkensonsor: raises 200 to 400
elgeorginho: calls 400
Gabrielfs13: folds 
Random WaIk: folds 
zocro: folds 
Arustokrat: folds 
AE_Sp00ner: folds 
acehigh480: calls 200
*** FLOP *** [Td 4c 8h]
acehigh480: checks 
welkensonsor: bets 600
elgeorginho: folds 
acehigh480: calls 600
*** TURN *** [Td 4c 8h] [9d]
acehigh480: checks 
welkensonsor: bets 1370
acehigh480: calls 1370
*** RIVER *** [Td 4c 8h 9d] [3s]
acehigh480: checks 
welkensonsor: checks 
*** SHOW DOWN ***
acehigh480: shows [Qh 8d] (a pair of Eights)
welkensonsor: mucks hand 
acehigh480 collected 5480 from pot
*** SUMMARY ***
Total pot 5480 | Rake 0 
Board [Td 4c 8h 9d 3s]
Seat 1: zocro folded before Flop (didn't bet)
Seat 2: Arustokrat (button) folded before Flop (didn't bet)
Seat 3: AE_Sp00ner (small blind) folded before Flop
Seat 4: acehigh480 (big blind) showed [Qh 8d] and won (5480) with a pair of Eights
Seat 5: welkensonsor mucked [4s Qs]
Seat 6: elgeorginho folded on the Flop
Seat 7: Gabrielfs13 folded before Flop (didn't bet)
Seat 8: Random WaIk folded before Flop (didn't bet)



PokerStars Hand #257110209747: Tournament #3911960058, $4.80+$5.00+$1.20 USD Hold'em No Limit - Level XI (100/200) - 2025/07/27 14:06:26 BRT [2025/07/27 13:06:26 ET]
Table '3911960058 201' 8-max Seat #3 is the button
Seat 1: zocro (1646 in chips, $5 bounty) 
Seat 2: Arustokrat (37407 in chips, $16.87 bounty) 
Seat 3: AE_Sp00ner (2695 in chips, $5 bounty) 
Seat 4: acehigh480 (13319 in chips, $5 bounty) 
Seat 5: welkensonsor (13884 in chips, $7.50 bounty) 
Seat 6: elgeorginho (8244 in chips, $7.50 bounty) 
Seat 7: Gabrielfs13 (2161 in chips, $5 bounty) 
Seat 8: Random WaIk (7930 in chips, $5 bounty) 
zocro: posts the ante 30
Arustokrat: posts the ante 30
AE_Sp00ner: posts the ante 30
acehigh480: posts the ante 30
welkensonsor: posts the ante 30
elgeorginho: posts the ante 30
Gabrielfs13: posts the ante 30
Random WaIk: posts the ante 30
acehigh480: posts small blind 100
welkensonsor: posts big blind 200
*** HOLE CARDS ***
Dealt to Gabrielfs13 [8h 8d]
elgeorginho: folds 
Gabrielfs13: raises 1931 to 2131 and is all-in
Random WaIk: folds 
zocro: folds 
Arustokrat: folds 
AE_Sp00ner: folds 
acehigh480: folds 
welkensonsor: calls 1931
*** FLOP *** [Jc Jh 5c]
*** TURN *** [Jc Jh 5c] [9d]
*** RIVER *** [Jc Jh 5c 9d] [7s]
*** SHOW DOWN ***
welkensonsor: shows [9h 5d] (two pair, Jacks and Nines)
Gabrielfs13: shows [8h 8d] (two pair, Jacks and Eights)
welkensonsor collected 4602 from pot
welkensonsor wins $2.50 for eliminating Gabrielfs13 and their own bounty increases by $2.50 to $10
Gabrielfs13 finished the tournament
*** SUMMARY ***
Total pot 4602 | Rake 0 
Board [Jc Jh 5c 9d 7s]
Seat 1: zocro folded before Flop (didn't bet)
Seat 2: Arustokrat folded before Flop (didn't bet)
Seat 3: AE_Sp00ner (button) folded before Flop (didn't bet)
Seat 4: acehigh480 (small blind) folded before Flop
Seat 5: welkensonsor (big blind) showed [9h 5d] and won (4602) with two pair, Jacks and Nines
Seat 6: elgeorginho folded before Flop (didn't bet)
Seat 7: Gabrielfs13 showed [8h 8d] and lost with two pair, Jacks and Eights
Seat 8: Random WaIk folded before Flop (didn't bet)



