PokerStars Hand #256960163390: Tournament #3908026616, $4.90+$4.90+$1.20 USD Hold'em No Limit - Level I (25/50) - 2025/07/15 17:06:37 BRT [2025/07/15 16:06:37 ET]
Table '3908026616 6' 8-max Seat #8 is the button
Seat 1: Saint-eveC (10000 in chips) out of hand (moved from another table into small blind)
Seat 2: oakstair (11396 in chips) 
Seat 3: Timobub (9779 in chips) 
Seat 4: Dirck77 (9839 in chips) 
Seat 5: j0j0s23 (9814 in chips) 
Seat 6: arharovec (10277 in chips) 
Seat 7: Gabrielfs13 (10000 in chips) 
Seat 8: Syltty (10062 in chips) 
Saint-eveC will be allowed to play after the button
oakstair: posts the ante 6
Timobub: posts the ante 6
Dirck77: posts the ante 6
j0j0s23: posts the ante 6
arharovec: posts the ante 6
Gabrielfs13: posts the ante 6
Syltty: posts the ante 6
oakstair: posts small blind 25
Timobub: posts big blind 50
*** HOLE CARDS ***
Dealt to Gabrielfs13 [9h Ac]
Dirck77: folds 
j0j0s23: folds 
arharovec: folds 
Gabrielfs13: raises 50 to 100
Syltty: folds 
oakstair: calls 75
Timobub: calls 50
*** FLOP *** [6h 4h 7s]
oakstair: checks 
Timobub: checks 
Gabrielfs13: bets 75
oakstair: calls 75
Timobub: calls 75
*** TURN *** [6h 4h 7s] [4s]
oakstair: checks 
Timobub: checks 
Gabrielfs13: checks 
*** RIVER *** [6h 4h 7s 4s] [2c]
oakstair: checks 
Timobub: checks 
Gabrielfs13: checks 
*** SHOW DOWN ***
oakstair: shows [3s As] (a pair of Fours)
Timobub: mucks hand 
Gabrielfs13: shows [9h Ac] (a pair of Fours - Ace+Nine kicker)
Gabrielfs13 collected 567 from pot
*** SUMMARY ***
Total pot 567 | Rake 0 
Board [6h 4h 7s 4s 2c]
Seat 2: oakstair (small blind) showed [3s As] and lost with a pair of Fours
Seat 3: Timobub (big blind) mucked [5c Kc]
Seat 4: Dirck77 folded before Flop (didn't bet)
Seat 5: j0j0s23 folded before Flop (didn't bet)
Seat 6: arharovec folded before Flop (didn't bet)
Seat 7: Gabrielfs13 showed [9h Ac] and won (567) with a pair of Fours
Seat 8: Syltty (button) folded before Flop (didn't bet)



PokerStars Hand #256960188444: Tournament #3908026616, $4.90+$4.90+$1.20 USD Hold'em No Limit - Level II (30/60) - 2025/07/15 17:08:18 BRT [2025/07/15 16:08:18 ET]
Table '3908026616 6' 8-max Seat #2 is the button
Seat 1: Saint-eveC (10000 in chips) 
Seat 2: oakstair (11215 in chips) 
Seat 3: Timobub (9598 in chips) 
Seat 4: Dirck77 (9833 in chips) 
Seat 5: j0j0s23 (9808 in chips) 
Seat 6: NygaardP (10000 in chips) 
Seat 7: Gabrielfs13 (10386 in chips) 
Seat 8: Syltty (10056 in chips) 
Saint-eveC: posts the ante 8
oakstair: posts the ante 8
Timobub: posts the ante 8
Dirck77: posts the ante 8
j0j0s23: posts the ante 8
NygaardP: posts the ante 8
Gabrielfs13: posts the ante 8
Syltty: posts the ante 8
Timobub: posts small blind 30
Dirck77: posts big blind 60
*** HOLE CARDS ***
Dealt to Gabrielfs13 [7c 5d]
j0j0s23: folds 
NygaardP: folds 
Gabrielfs13: folds 
Syltty: raises 60 to 120
Saint-eveC: folds 
oakstair: folds 
Timobub: folds 
Dirck77: folds 
Uncalled bet (60) returned to Syltty
Syltty collected 214 from pot
*** SUMMARY ***
Total pot 214 | Rake 0 
Seat 1: Saint-eveC folded before Flop (didn't bet)
Seat 2: oakstair (button) folded before Flop (didn't bet)
Seat 3: Timobub (small blind) folded before Flop
Seat 4: Dirck77 (big blind) folded before Flop
Seat 5: j0j0s23 folded before Flop (didn't bet)
Seat 6: NygaardP folded before Flop (didn't bet)
Seat 7: Gabrielfs13 folded before Flop (didn't bet)
Seat 8: Syltty collected (214)



PokerStars Hand #256960199350: Tournament #3908026616, $4.90+$4.90+$1.20 USD Hold'em No Limit - Level II (30/60) - 2025/07/15 17:09:01 BRT [2025/07/15 16:09:01 ET]
Table '3908026616 6' 8-max Seat #3 is the button
Seat 1: Saint-eveC (9992 in chips) 
Seat 2: oakstair (11207 in chips) 
Seat 3: Timobub (9560 in chips) 
Seat 4: Dirck77 (9765 in chips) 
Seat 5: j0j0s23 (9800 in chips) 
Seat 6: NygaardP (9992 in chips) 
Seat 7: Gabrielfs13 (10378 in chips) 
Seat 8: Syltty (10202 in chips) 
Saint-eveC: posts the ante 8
oakstair: posts the ante 8
Timobub: posts the ante 8
Dirck77: posts the ante 8
j0j0s23: posts the ante 8
NygaardP: posts the ante 8
Gabrielfs13: posts the ante 8
Syltty: posts the ante 8
Dirck77: posts small blind 30
j0j0s23: posts big blind 60
*** HOLE CARDS ***
Dealt to Gabrielfs13 [3h 7h]
NygaardP: folds 
Gabrielfs13: folds 
Syltty: folds 
Saint-eveC: folds 
oakstair: folds 
Timobub: folds 
Dirck77: calls 30
j0j0s23: checks 
*** FLOP *** [6d 7c Kc]
Dirck77: checks 
j0j0s23: checks 
*** TURN *** [6d 7c Kc] [8h]
Dirck77: checks 
j0j0s23: checks 
*** RIVER *** [6d 7c Kc 8h] [Ad]
Dirck77: bets 184
j0j0s23: folds 
Uncalled bet (184) returned to Dirck77
Dirck77 collected 184 from pot
*** SUMMARY ***
Total pot 184 | Rake 0 
Board [6d 7c Kc 8h Ad]
Seat 1: Saint-eveC folded before Flop (didn't bet)
Seat 2: oakstair folded before Flop (didn't bet)
Seat 3: Timobub (button) folded before Flop (didn't bet)
Seat 4: Dirck77 (small blind) collected (184)
Seat 5: j0j0s23 (big blind) folded on the River
Seat 6: NygaardP folded before Flop (didn't bet)
Seat 7: Gabrielfs13 folded before Flop (didn't bet)
Seat 8: Syltty folded before Flop (didn't bet)



PokerStars Hand #256960209872: Tournament #3908026616, $4.90+$4.90+$1.20 USD Hold'em No Limit - Level II (30/60) - 2025/07/15 17:09:44 BRT [2025/07/15 16:09:44 ET]
Table '3908026616 6' 8-max Seat #4 is the button
Seat 1: Saint-eveC (9984 in chips) 
Seat 2: oakstair (11199 in chips) 
Seat 3: Timobub (9552 in chips) 
Seat 4: Dirck77 (9881 in chips) 
Seat 5: j0j0s23 (9732 in chips) 
Seat 6: NygaardP (9984 in chips) 
Seat 7: Gabrielfs13 (10370 in chips) 
Seat 8: Syltty (10194 in chips) 
Saint-eveC: posts the ante 8
oakstair: posts the ante 8
Timobub: posts the ante 8
Dirck77: posts the ante 8
j0j0s23: posts the ante 8
NygaardP: posts the ante 8
Gabrielfs13: posts the ante 8
Syltty: posts the ante 8
j0j0s23: posts small blind 30
NygaardP: posts big blind 60
*** HOLE CARDS ***
Dealt to Gabrielfs13 [5h 9c]
Gabrielfs13: folds 
Syltty: folds 
Saint-eveC: folds 
oakstair: folds 
Timobub: folds 
Dirck77: raises 60 to 120
j0j0s23: raises 360 to 480
NygaardP: folds 
Dirck77: calls 360
*** FLOP *** [6s 5c 4d]
j0j0s23: bets 867
Dirck77: raises 2818 to 3685
j0j0s23: folds 
Uncalled bet (2818) returned to Dirck77
Dirck77 collected 2818 from pot
*** SUMMARY ***
Total pot 2818 | Rake 0 
Board [6s 5c 4d]
Seat 1: Saint-eveC folded before Flop (didn't bet)
Seat 2: oakstair folded before Flop (didn't bet)
Seat 3: Timobub folded before Flop (didn't bet)
Seat 4: Dirck77 (button) collected (2818)
Seat 5: j0j0s23 (small blind) folded on the Flop
Seat 6: NygaardP (big blind) folded before Flop
Seat 7: Gabrielfs13 folded before Flop (didn't bet)
Seat 8: Syltty folded before Flop (didn't bet)



PokerStars Hand #256960218425: Tournament #3908026616, $4.90+$4.90+$1.20 USD Hold'em No Limit - Level II (30/60) - 2025/07/15 17:10:18 BRT [2025/07/15 16:10:18 ET]
Table '3908026616 6' 8-max Seat #5 is the button
Seat 1: Saint-eveC (9976 in chips) 
Seat 2: oakstair (11191 in chips) 
Seat 3: Timobub (9544 in chips) 
Seat 4: Dirck77 (11344 in chips) 
Seat 5: j0j0s23 (8377 in chips) 
Seat 6: NygaardP (9916 in chips) 
Seat 7: Gabrielfs13 (10362 in chips) 
Seat 8: Syltty (10186 in chips) 
Saint-eveC: posts the ante 8
oakstair: posts the ante 8
Timobub: posts the ante 8
Dirck77: posts the ante 8
j0j0s23: posts the ante 8
NygaardP: posts the ante 8
Gabrielfs13: posts the ante 8
Syltty: posts the ante 8
NygaardP: posts small blind 30
Gabrielfs13: posts big blind 60
*** HOLE CARDS ***
Dealt to Gabrielfs13 [6c 4s]
Syltty: raises 60 to 120
Saint-eveC: folds 
oakstair: folds 
Timobub: folds 
Dirck77: folds 
j0j0s23: calls 120
NygaardP: folds 
Gabrielfs13: calls 60
*** FLOP *** [2d 5d Qh]
Gabrielfs13: checks 
Syltty: bets 227
j0j0s23: folds 
Gabrielfs13: calls 227
*** TURN *** [2d 5d Qh] [Td]
Gabrielfs13: checks 
Syltty: bets 454
Gabrielfs13: folds 
Uncalled bet (454) returned to Syltty
Syltty collected 908 from pot
*** SUMMARY ***
Total pot 908 | Rake 0 
Board [2d 5d Qh Td]
Seat 1: Saint-eveC folded before Flop (didn't bet)
Seat 2: oakstair folded before Flop (didn't bet)
Seat 3: Timobub folded before Flop (didn't bet)
Seat 4: Dirck77 folded before Flop (didn't bet)
Seat 5: j0j0s23 (button) folded on the Flop
Seat 6: NygaardP (small blind) folded before Flop
Seat 7: Gabrielfs13 (big blind) folded on the Turn
Seat 8: Syltty collected (908)



PokerStars Hand #256960234426: Tournament #3908026616, $4.90+$4.90+$1.20 USD Hold'em No Limit - Level II (30/60) - 2025/07/15 17:11:23 BRT [2025/07/15 16:11:23 ET]
Table '3908026616 6' 8-max Seat #6 is the button
Seat 1: Saint-eveC (9968 in chips) 
Seat 2: oakstair (11183 in chips) 
Seat 3: Timobub (9536 in chips) 
Seat 4: Dirck77 (11336 in chips) 
Seat 5: j0j0s23 (8249 in chips) 
Seat 6: NygaardP (9878 in chips) 
Seat 7: Gabrielfs13 (10007 in chips) 
Seat 8: Syltty (10739 in chips) 
Saint-eveC: posts the ante 8
oakstair: posts the ante 8
Timobub: posts the ante 8
Dirck77: posts the ante 8
j0j0s23: posts the ante 8
NygaardP: posts the ante 8
Gabrielfs13: posts the ante 8
Syltty: posts the ante 8
Gabrielfs13: posts small blind 30
Syltty: posts big blind 60
*** HOLE CARDS ***
Dealt to Gabrielfs13 [Jc 7d]
Saint-eveC: folds 
oakstair: folds 
Timobub: folds 
Dirck77: folds 
j0j0s23: folds 
NygaardP: folds 
Gabrielfs13: raises 120 to 180
Syltty: folds 
Uncalled bet (120) returned to Gabrielfs13
Gabrielfs13 collected 184 from pot
Gabrielfs13: doesn't show hand 
*** SUMMARY ***
Total pot 184 | Rake 0 
Seat 1: Saint-eveC folded before Flop (didn't bet)
Seat 2: oakstair folded before Flop (didn't bet)
Seat 3: Timobub folded before Flop (didn't bet)
Seat 4: Dirck77 folded before Flop (didn't bet)
Seat 5: j0j0s23 folded before Flop (didn't bet)
Seat 6: NygaardP (button) folded before Flop (didn't bet)
Seat 7: Gabrielfs13 (small blind) collected (184)
Seat 8: Syltty (big blind) folded before Flop



PokerStars Hand #256960242477: Tournament #3908026616, $4.90+$4.90+$1.20 USD Hold'em No Limit - Level II (30/60) - 2025/07/15 17:11:56 BRT [2025/07/15 16:11:56 ET]
Table '3908026616 6' 8-max Seat #7 is the button
Seat 1: Saint-eveC (9960 in chips) 
Seat 2: oakstair (11175 in chips) 
Seat 3: Timobub (9528 in chips) 
Seat 4: Dirck77 (11328 in chips) 
Seat 5: j0j0s23 (8241 in chips) 
Seat 6: NygaardP (9870 in chips) 
Seat 7: Gabrielfs13 (10123 in chips) 
Seat 8: Syltty (10671 in chips) 
Saint-eveC: posts the ante 8
oakstair: posts the ante 8
Timobub: posts the ante 8
Dirck77: posts the ante 8
j0j0s23: posts the ante 8
NygaardP: posts the ante 8
Gabrielfs13: posts the ante 8
Syltty: posts the ante 8
Syltty: posts small blind 30
Saint-eveC: posts big blind 60
*** HOLE CARDS ***
Dealt to Gabrielfs13 [Kd 2c]
oakstair: folds 
Timobub: folds 
Dirck77: folds 
j0j0s23: raises 60 to 120
NygaardP: folds 
Gabrielfs13: folds 
Syltty: folds 
Saint-eveC: folds 
Uncalled bet (60) returned to j0j0s23
j0j0s23 collected 214 from pot
j0j0s23: doesn't show hand 
Falcaogol is disconnected 
*** SUMMARY ***
Total pot 214 | Rake 0 
Seat 1: Saint-eveC (big blind) folded before Flop
Seat 2: oakstair folded before Flop (didn't bet)
Seat 3: Timobub folded before Flop (didn't bet)
Seat 4: Dirck77 folded before Flop (didn't bet)
Seat 5: j0j0s23 collected (214)
Seat 6: NygaardP folded before Flop (didn't bet)
Seat 7: Gabrielfs13 (button) folded before Flop (didn't bet)
Seat 8: Syltty (small blind) folded before Flop



PokerStars Hand #256960251241: Tournament #3908026616, $4.90+$4.90+$1.20 USD Hold'em No Limit - Level II (30/60) - 2025/07/15 17:12:31 BRT [2025/07/15 16:12:31 ET]
Table '3908026616 6' 8-max Seat #8 is the button
Seat 1: Saint-eveC (9892 in chips) 
Seat 2: oakstair (11167 in chips) 
Seat 3: Falcaogol (10000 in chips) 
Seat 4: Dirck77 (11320 in chips) 
Seat 5: j0j0s23 (8387 in chips) 
Seat 6: NygaardP (9862 in chips) 
Seat 7: Gabrielfs13 (10115 in chips) 
Seat 8: Syltty (10633 in chips) 
Saint-eveC: posts the ante 8
oakstair: posts the ante 8
Falcaogol: posts the ante 8
Dirck77: posts the ante 8
j0j0s23: posts the ante 8
NygaardP: posts the ante 8
Gabrielfs13: posts the ante 8
Syltty: posts the ante 8
Saint-eveC: posts small blind 30
oakstair: posts big blind 60
*** HOLE CARDS ***
Dealt to Gabrielfs13 [7h 6d]
Falcaogol is connected 
Falcaogol: folds 
Dirck77: calls 60
j0j0s23: folds 
NygaardP: folds 
Gabrielfs13: folds 
Syltty: raises 60 to 120
Saint-eveC: folds 
oakstair: folds 
Dirck77: calls 60
*** FLOP *** [7s Ad Ac]
Dirck77: checks 
Syltty: bets 197
Dirck77: calls 197
*** TURN *** [7s Ad Ac] [Kh]
Dirck77: checks 
Syltty: checks 
*** RIVER *** [7s Ad Ac Kh] [Qd]
Dirck77: bets 394
Syltty: folds 
Uncalled bet (394) returned to Dirck77
Dirck77 collected 788 from pot
*** SUMMARY ***
Total pot 788 | Rake 0 
Board [7s Ad Ac Kh Qd]
Seat 1: Saint-eveC (small blind) folded before Flop
Seat 2: oakstair (big blind) folded before Flop
Seat 3: Falcaogol folded before Flop (didn't bet)
Seat 4: Dirck77 collected (788)
Seat 5: j0j0s23 folded before Flop (didn't bet)
Seat 6: NygaardP folded before Flop (didn't bet)
Seat 7: Gabrielfs13 folded before Flop (didn't bet)
Seat 8: Syltty (button) folded on the River



PokerStars Hand #256960267775: Tournament #3908026616, $4.90+$4.90+$1.20 USD Hold'em No Limit - Level II (30/60) - 2025/07/15 17:13:37 BRT [2025/07/15 16:13:37 ET]
Table '3908026616 6' 8-max Seat #1 is the button
Seat 1: Saint-eveC (9854 in chips) 
Seat 2: oakstair (11099 in chips) 
Seat 3: Falcaogol (9992 in chips) 
Seat 4: Dirck77 (11783 in chips) 
Seat 5: j0j0s23 (8379 in chips) 
Seat 6: NygaardP (9854 in chips) 
Seat 7: Gabrielfs13 (10107 in chips) 
Seat 8: Syltty (10308 in chips) 
Saint-eveC: posts the ante 8
oakstair: posts the ante 8
Falcaogol: posts the ante 8
Dirck77: posts the ante 8
j0j0s23: posts the ante 8
NygaardP: posts the ante 8
Gabrielfs13: posts the ante 8
Syltty: posts the ante 8
oakstair: posts small blind 30
Falcaogol: posts big blind 60
*** HOLE CARDS ***
Dealt to Gabrielfs13 [Kd Qs]
Dirck77: folds 
j0j0s23: raises 60 to 120
NygaardP: calls 120
Gabrielfs13: calls 120
Syltty: calls 120
Saint-eveC: folds 
oakstair: folds 
Falcaogol: folds 
*** FLOP *** [Qc 7s 9c]
j0j0s23: checks 
NygaardP: bets 412
Gabrielfs13: calls 412
Syltty: folds 
j0j0s23: folds 
*** TURN *** [Qc 7s 9c] [5s]
NygaardP: checks 
Gabrielfs13: bets 962
NygaardP: folds 
Uncalled bet (962) returned to Gabrielfs13
Gabrielfs13 collected 1458 from pot
Gabrielfs13: doesn't show hand 
*** SUMMARY ***
Total pot 1458 | Rake 0 
Board [Qc 7s 9c 5s]
Seat 1: Saint-eveC (button) folded before Flop (didn't bet)
Seat 2: oakstair (small blind) folded before Flop
Seat 3: Falcaogol (big blind) folded before Flop
Seat 4: Dirck77 folded before Flop (didn't bet)
Seat 5: j0j0s23 folded on the Flop
Seat 6: NygaardP folded on the Turn
Seat 7: Gabrielfs13 collected (1458)
Seat 8: Syltty folded on the Flop



PokerStars Hand #256960286656: Tournament #3908026616, $4.90+$4.90+$1.20 USD Hold'em No Limit - Level III (40/80) - 2025/07/15 17:14:53 BRT [2025/07/15 16:14:53 ET]
Table '3908026616 6' 8-max Seat #2 is the button
Seat 1: Saint-eveC (9846 in chips) 
Seat 2: oakstair (11061 in chips) 
Seat 3: Falcaogol (9924 in chips) 
Seat 4: Dirck77 (11775 in chips) 
Seat 5: j0j0s23 (8251 in chips) 
Seat 6: NygaardP (9314 in chips) 
Seat 7: Gabrielfs13 (11025 in chips) 
Seat 8: Syltty (10180 in chips) 
Saint-eveC: posts the ante 10
oakstair: posts the ante 10
Falcaogol: posts the ante 10
Dirck77: posts the ante 10
j0j0s23: posts the ante 10
NygaardP: posts the ante 10
Gabrielfs13: posts the ante 10
Syltty: posts the ante 10
Falcaogol: posts small blind 40
Dirck77: posts big blind 80
*** HOLE CARDS ***
Dealt to Gabrielfs13 [7s Qd]
j0j0s23: folds 
NygaardP: raises 160 to 240
Gabrielfs13: folds 
Syltty: raises 680 to 920
Saint-eveC: folds 
oakstair: folds 
Falcaogol: folds 
Dirck77: folds 
NygaardP: folds 
Uncalled bet (680) returned to Syltty
Syltty collected 680 from pot
*** SUMMARY ***
Total pot 680 | Rake 0 
Seat 1: Saint-eveC folded before Flop (didn't bet)
Seat 2: oakstair (button) folded before Flop (didn't bet)
Seat 3: Falcaogol (small blind) folded before Flop
Seat 4: Dirck77 (big blind) folded before Flop
Seat 5: j0j0s23 folded before Flop (didn't bet)
Seat 6: NygaardP folded before Flop
Seat 7: Gabrielfs13 folded before Flop (didn't bet)
Seat 8: Syltty collected (680)



PokerStars Hand #256960298117: Tournament #3908026616, $4.90+$4.90+$1.20 USD Hold'em No Limit - Level III (40/80) - 2025/07/15 17:15:39 BRT [2025/07/15 16:15:39 ET]
Table '3908026616 6' 8-max Seat #3 is the button
Seat 1: Saint-eveC (9836 in chips) 
Seat 2: oakstair (11051 in chips) 
Seat 3: Falcaogol (9874 in chips) 
Seat 4: Dirck77 (11685 in chips) 
Seat 5: j0j0s23 (8241 in chips) 
Seat 6: NygaardP (9064 in chips) 
Seat 7: Gabrielfs13 (11015 in chips) 
Seat 8: Syltty (10610 in chips) 
Saint-eveC: posts the ante 10
oakstair: posts the ante 10
Falcaogol: posts the ante 10
Dirck77: posts the ante 10
j0j0s23: posts the ante 10
NygaardP: posts the ante 10
Gabrielfs13: posts the ante 10
Syltty: posts the ante 10
Dirck77: posts small blind 40
j0j0s23: posts big blind 80
*** HOLE CARDS ***
Dealt to Gabrielfs13 [9d 8s]
NygaardP: folds 
Gabrielfs13: folds 
Syltty: folds 
Saint-eveC: calls 80
oakstair: folds 
Falcaogol: calls 80
Dirck77: raises 80 to 160
j0j0s23: calls 80
Saint-eveC: calls 80
Falcaogol: calls 80
*** FLOP *** [Td 3s Jh]
Dirck77: checks 
j0j0s23: checks 
Saint-eveC: checks 
Falcaogol: bets 180
Dirck77: calls 180
j0j0s23: calls 180
Saint-eveC: folds 
*** TURN *** [Td 3s Jh] [2c]
Dirck77: checks 
j0j0s23: checks 
Falcaogol: bets 720
Dirck77: calls 720
j0j0s23: folds 
*** RIVER *** [Td 3s Jh 2c] [4c]
Dirck77: checks 
Falcaogol: checks 
*** SHOW DOWN ***
Dirck77: shows [Qd Kd] (high card King)
Falcaogol: shows [Qh Jc] (a pair of Jacks)
Falcaogol collected 2700 from pot
*** SUMMARY ***
Total pot 2700 | Rake 0 
Board [Td 3s Jh 2c 4c]
Seat 1: Saint-eveC folded on the Flop
Seat 2: oakstair folded before Flop (didn't bet)
Seat 3: Falcaogol (button) showed [Qh Jc] and won (2700) with a pair of Jacks
Seat 4: Dirck77 (small blind) showed [Qd Kd] and lost with high card King
Seat 5: j0j0s23 (big blind) folded on the Turn
Seat 6: NygaardP folded before Flop (didn't bet)
Seat 7: Gabrielfs13 folded before Flop (didn't bet)
Seat 8: Syltty folded before Flop (didn't bet)



PokerStars Hand #256960328712: Tournament #3908026616, $4.90+$4.90+$1.20 USD Hold'em No Limit - Level III (40/80) - 2025/07/15 17:17:42 BRT [2025/07/15 16:17:42 ET]
Table '3908026616 6' 8-max Seat #4 is the button
Seat 1: Saint-eveC (9666 in chips) 
Seat 2: oakstair (11041 in chips) 
Seat 3: Falcaogol (11504 in chips) 
Seat 4: Dirck77 (10615 in chips) 
Seat 5: j0j0s23 (7891 in chips) 
Seat 6: NygaardP (9054 in chips) 
Seat 7: Gabrielfs13 (11005 in chips) 
Seat 8: Syltty (10600 in chips) 
Saint-eveC: posts the ante 10
oakstair: posts the ante 10
Falcaogol: posts the ante 10
Dirck77: posts the ante 10
j0j0s23: posts the ante 10
NygaardP: posts the ante 10
Gabrielfs13: posts the ante 10
Syltty: posts the ante 10
j0j0s23: posts small blind 40
NygaardP: posts big blind 80
*** HOLE CARDS ***
Dealt to Gabrielfs13 [6c 4h]
Gabrielfs13: folds 
Syltty: folds 
Saint-eveC: folds 
oakstair: raises 80 to 160
Falcaogol: raises 400 to 560
Dirck77: folds 
j0j0s23: folds 
NygaardP: folds 
oakstair: folds 
Uncalled bet (400) returned to Falcaogol
Falcaogol collected 520 from pot
Falcaogol: doesn't show hand 
*** SUMMARY ***
Total pot 520 | Rake 0 
Seat 1: Saint-eveC folded before Flop (didn't bet)
Seat 2: oakstair folded before Flop
Seat 3: Falcaogol collected (520)
Seat 4: Dirck77 (button) folded before Flop (didn't bet)
Seat 5: j0j0s23 (small blind) folded before Flop
Seat 6: NygaardP (big blind) folded before Flop
Seat 7: Gabrielfs13 folded before Flop (didn't bet)
Seat 8: Syltty folded before Flop (didn't bet)



PokerStars Hand #256960337430: Tournament #3908026616, $4.90+$4.90+$1.20 USD Hold'em No Limit - Level III (40/80) - 2025/07/15 17:18:17 BRT [2025/07/15 16:18:17 ET]
Table '3908026616 6' 8-max Seat #5 is the button
Seat 1: Saint-eveC (9656 in chips) 
Seat 2: oakstair (10871 in chips) 
Seat 3: Falcaogol (11854 in chips) 
Seat 4: Dirck77 (10605 in chips) 
Seat 5: j0j0s23 (7841 in chips) 
Seat 6: NygaardP (8964 in chips) 
Seat 7: Gabrielfs13 (10995 in chips) 
Seat 8: Syltty (10590 in chips) 
Saint-eveC: posts the ante 10
oakstair: posts the ante 10
Falcaogol: posts the ante 10
Dirck77: posts the ante 10
j0j0s23: posts the ante 10
NygaardP: posts the ante 10
Gabrielfs13: posts the ante 10
Syltty: posts the ante 10
NygaardP: posts small blind 40
Gabrielfs13: posts big blind 80
*** HOLE CARDS ***
Dealt to Gabrielfs13 [4d Jh]
Syltty: folds 
Saint-eveC: calls 80
oakstair: folds 
Falcaogol: folds 
Dirck77: calls 80
j0j0s23: raises 320 to 400
NygaardP: calls 360
Gabrielfs13: folds 
Saint-eveC: calls 320
Dirck77: folds 
*** FLOP *** [3d Jc As]
NygaardP: checks 
Saint-eveC: checks 
j0j0s23: bets 560
NygaardP: folds 
Saint-eveC: folds 
Uncalled bet (560) returned to j0j0s23
j0j0s23 collected 1440 from pot
j0j0s23: doesn't show hand 
*** SUMMARY ***
Total pot 1440 | Rake 0 
Board [3d Jc As]
Seat 1: Saint-eveC folded on the Flop
Seat 2: oakstair folded before Flop (didn't bet)
Seat 3: Falcaogol folded before Flop (didn't bet)
Seat 4: Dirck77 folded before Flop
Seat 5: j0j0s23 (button) collected (1440)
Seat 6: NygaardP (small blind) folded on the Flop
Seat 7: Gabrielfs13 (big blind) folded before Flop
Seat 8: Syltty folded before Flop (didn't bet)



PokerStars Hand #256960361177: Tournament #3908026616, $4.90+$4.90+$1.20 USD Hold'em No Limit - Level III (40/80) - 2025/07/15 17:19:52 BRT [2025/07/15 16:19:52 ET]
Table '3908026616 6' 8-max Seat #6 is the button
Seat 1: Saint-eveC (9246 in chips) 
Seat 2: oakstair (10861 in chips) 
Seat 3: Falcaogol (11844 in chips) 
Seat 4: Dirck77 (10515 in chips) 
Seat 5: j0j0s23 (8871 in chips) 
Seat 6: NygaardP (8554 in chips) 
Seat 7: Gabrielfs13 (10905 in chips) 
Seat 8: Syltty (10580 in chips) 
Saint-eveC: posts the ante 10
oakstair: posts the ante 10
Falcaogol: posts the ante 10
Dirck77: posts the ante 10
j0j0s23: posts the ante 10
NygaardP: posts the ante 10
Gabrielfs13: posts the ante 10
Syltty: posts the ante 10
Gabrielfs13: posts small blind 40
Syltty: posts big blind 80
*** HOLE CARDS ***
Dealt to Gabrielfs13 [Td 5s]
Saint-eveC: folds 
oakstair: folds 
Falcaogol: folds 
Dirck77: folds 
j0j0s23: raises 80 to 160
NygaardP: folds 
Gabrielfs13: folds 
Syltty: folds 
Uncalled bet (80) returned to j0j0s23
j0j0s23 collected 280 from pot
j0j0s23: doesn't show hand 
*** SUMMARY ***
Total pot 280 | Rake 0 
Seat 1: Saint-eveC folded before Flop (didn't bet)
Seat 2: oakstair folded before Flop (didn't bet)
Seat 3: Falcaogol folded before Flop (didn't bet)
Seat 4: Dirck77 folded before Flop (didn't bet)
Seat 5: j0j0s23 collected (280)
Seat 6: NygaardP (button) folded before Flop (didn't bet)
Seat 7: Gabrielfs13 (small blind) folded before Flop
Seat 8: Syltty (big blind) folded before Flop



PokerStars Hand #256960367141: Tournament #3908026616, $4.90+$4.90+$1.20 USD Hold'em No Limit - Level IV (50/100) - 2025/07/15 17:20:15 BRT [2025/07/15 16:20:15 ET]
Table '3908026616 6' 8-max Seat #7 is the button
Seat 2: oakstair (10851 in chips) 
Seat 3: Falcaogol (11834 in chips) 
Seat 4: Dirck77 (10505 in chips) 
Seat 5: j0j0s23 (9061 in chips) 
Seat 6: NygaardP (8544 in chips) 
Seat 7: Gabrielfs13 (10855 in chips) 
Seat 8: Syltty (10490 in chips) 
oakstair: posts the ante 12
Falcaogol: posts the ante 12
Dirck77: posts the ante 12
j0j0s23: posts the ante 12
NygaardP: posts the ante 12
Gabrielfs13: posts the ante 12
Syltty: posts the ante 12
Syltty: posts small blind 50
oakstair: posts big blind 100
*** HOLE CARDS ***
Dealt to Gabrielfs13 [5c 6h]
Falcaogol: folds 
Dirck77: calls 100
j0j0s23: calls 100
PlinioFerraz is disconnected 
NygaardP: folds 
Gabrielfs13: folds 
Syltty: calls 50
oakstair: checks 
*** FLOP *** [7s 8h 3c]
Syltty: bets 484
oakstair: folds 
Dirck77: folds 
j0j0s23: calls 484
*** TURN *** [7s 8h 3c] [2d]
Syltty: bets 1452
j0j0s23: calls 1452
*** RIVER *** [7s 8h 3c 2d] [Qd]
Syltty: bets 8442 and is all-in
j0j0s23: folds 
Uncalled bet (8442) returned to Syltty
Syltty collected 4356 from pot
*** SUMMARY ***
Total pot 4356 | Rake 0 
Board [7s 8h 3c 2d Qd]
Seat 2: oakstair (big blind) folded on the Flop
Seat 3: Falcaogol folded before Flop (didn't bet)
Seat 4: Dirck77 folded on the Flop
Seat 5: j0j0s23 folded on the River
Seat 6: NygaardP folded before Flop (didn't bet)
Seat 7: Gabrielfs13 (button) folded before Flop (didn't bet)
Seat 8: Syltty (small blind) collected (4356)



PokerStars Hand #256960381116: Tournament #3908026616, $4.90+$4.90+$1.20 USD Hold'em No Limit - Level IV (50/100) - 2025/07/15 17:21:10 BRT [2025/07/15 16:21:10 ET]
Table '3908026616 6' 8-max Seat #8 is the button
Seat 1: PlinioFerraz (10000 in chips) out of hand (moved from another table into small blind)
Seat 2: oakstair (10739 in chips) 
Seat 3: Falcaogol (11822 in chips) 
Seat 4: Dirck77 (10393 in chips) 
Seat 5: j0j0s23 (7013 in chips) 
Seat 6: NygaardP (8532 in chips) 
Seat 7: Gabrielfs13 (10843 in chips) 
Seat 8: Syltty (12798 in chips) 
PlinioFerraz will be allowed to play after the button
oakstair: posts the ante 12
Falcaogol: posts the ante 12
Dirck77: posts the ante 12
j0j0s23: posts the ante 12
NygaardP: posts the ante 12
Gabrielfs13: posts the ante 12
Syltty: posts the ante 12
oakstair: posts small blind 50
Falcaogol: posts big blind 100
*** HOLE CARDS ***
Dealt to Gabrielfs13 [4s Th]
Dirck77: folds 
j0j0s23: folds 
NygaardP: folds 
Gabrielfs13: folds 
Syltty: folds 
oakstair: folds 
Uncalled bet (50) returned to Falcaogol
Falcaogol collected 184 from pot
Falcaogol: doesn't show hand 
*** SUMMARY ***
Total pot 184 | Rake 0 
Seat 2: oakstair (small blind) folded before Flop
Seat 3: Falcaogol (big blind) collected (184)
Seat 4: Dirck77 folded before Flop (didn't bet)
Seat 5: j0j0s23 folded before Flop (didn't bet)
Seat 6: NygaardP folded before Flop (didn't bet)
Seat 7: Gabrielfs13 folded before Flop (didn't bet)
Seat 8: Syltty (button) folded before Flop (didn't bet)



PokerStars Hand #256960384763: Tournament #3908026616, $4.90+$4.90+$1.20 USD Hold'em No Limit - Level IV (50/100) - 2025/07/15 17:21:25 BRT [2025/07/15 16:21:25 ET]
Table '3908026616 6' 8-max Seat #2 is the button
Seat 1: PlinioFerraz (10000 in chips) 
Seat 2: oakstair (10677 in chips) 
Seat 3: Falcaogol (11944 in chips) 
Seat 5: j0j0s23 (7001 in chips) 
Seat 6: NygaardP (8520 in chips) 
Seat 7: Gabrielfs13 (10831 in chips) 
Seat 8: Syltty (12786 in chips) 
PlinioFerraz: posts the ante 12
oakstair: posts the ante 12
Falcaogol: posts the ante 12
j0j0s23: posts the ante 12
NygaardP: posts the ante 12
Gabrielfs13: posts the ante 12
Syltty: posts the ante 12
Falcaogol: posts small blind 50
j0j0s23: posts big blind 100
*** HOLE CARDS ***
Dealt to Gabrielfs13 [Jh 8d]
NygaardP: folds 
Gabrielfs13: folds 
Syltty: folds 
nicoz17 is disconnected 
PlinioFerraz: raises 100 to 200
oakstair: folds 
Falcaogol: folds 
j0j0s23: calls 100
*** FLOP *** [5c Tc Qh]
j0j0s23: checks 
PlinioFerraz: bets 270
j0j0s23: calls 270
*** TURN *** [5c Tc Qh] [Jc]
j0j0s23: checks 
PlinioFerraz: bets 759
j0j0s23: folds 
Uncalled bet (759) returned to PlinioFerraz
PlinioFerraz collected 1074 from pot
PlinioFerraz: doesn't show hand 
*** SUMMARY ***
Total pot 1074 | Rake 0 
Board [5c Tc Qh Jc]
Seat 1: PlinioFerraz collected (1074)
Seat 2: oakstair (button) folded before Flop (didn't bet)
Seat 3: Falcaogol (small blind) folded before Flop
Seat 5: j0j0s23 (big blind) folded on the Turn
Seat 6: NygaardP folded before Flop (didn't bet)
Seat 7: Gabrielfs13 folded before Flop (didn't bet)
Seat 8: Syltty folded before Flop (didn't bet)



PokerStars Hand #256960399123: Tournament #3908026616, $4.90+$4.90+$1.20 USD Hold'em No Limit - Level IV (50/100) - 2025/07/15 17:22:21 BRT [2025/07/15 16:22:21 ET]
Table '3908026616 6' 8-max Seat #3 is the button
Seat 1: PlinioFerraz (10592 in chips) 
Seat 2: oakstair (10665 in chips) 
Seat 3: Falcaogol (11882 in chips) 
Seat 4: nicoz17 (10000 in chips) out of hand (moved from another table into small blind)
Seat 5: j0j0s23 (6519 in chips) 
Seat 6: NygaardP (8508 in chips) 
Seat 7: Gabrielfs13 (10819 in chips) 
Seat 8: Syltty (12774 in chips) 
nicoz17 will be allowed to play after the button
PlinioFerraz: posts the ante 12
oakstair: posts the ante 12
Falcaogol: posts the ante 12
j0j0s23: posts the ante 12
NygaardP: posts the ante 12
Gabrielfs13: posts the ante 12
Syltty: posts the ante 12
j0j0s23: posts small blind 50
NygaardP: posts big blind 100
*** HOLE CARDS ***
Dealt to Gabrielfs13 [Kc 5d]
Gabrielfs13: folds 
Syltty: folds 
PlinioFerraz: folds 
oakstair: raises 100 to 200
Falcaogol: folds 
j0j0s23: folds 
NygaardP: calls 100
*** FLOP *** [Kd Jh Ah]
NygaardP: checks 
oakstair: bets 267
NygaardP: folds 
Uncalled bet (267) returned to oakstair
oakstair collected 534 from pot
*** SUMMARY ***
Total pot 534 | Rake 0 
Board [Kd Jh Ah]
Seat 1: PlinioFerraz folded before Flop (didn't bet)
Seat 2: oakstair collected (534)
Seat 3: Falcaogol (button) folded before Flop (didn't bet)
Seat 5: j0j0s23 (small blind) folded before Flop
Seat 6: NygaardP (big blind) folded on the Flop
Seat 7: Gabrielfs13 folded before Flop (didn't bet)
Seat 8: Syltty folded before Flop (didn't bet)



PokerStars Hand #256960409162: Tournament #3908026616, $4.90+$4.90+$1.20 USD Hold'em No Limit - Level IV (50/100) - 2025/07/15 17:23:00 BRT [2025/07/15 16:23:00 ET]
Table '3908026616 6' 8-max Seat #5 is the button
Seat 1: PlinioFerraz (10580 in chips) 
Seat 2: oakstair (10987 in chips) 
Seat 3: Falcaogol (11870 in chips) 
Seat 4: nicoz17 (10000 in chips) 
Seat 5: j0j0s23 (6457 in chips) 
Seat 6: NygaardP (8296 in chips) 
Seat 7: Gabrielfs13 (10807 in chips) 
Seat 8: Syltty (12762 in chips) 
PlinioFerraz: posts the ante 12
oakstair: posts the ante 12
Falcaogol: posts the ante 12
nicoz17: posts the ante 12
j0j0s23: posts the ante 12
NygaardP: posts the ante 12
Gabrielfs13: posts the ante 12
Syltty: posts the ante 12
NygaardP: posts small blind 50
Gabrielfs13: posts big blind 100
*** HOLE CARDS ***
Dealt to Gabrielfs13 [Ks Ad]
Syltty: folds 
PlinioFerraz: folds 
oakstair: folds 
Falcaogol: folds 
nicoz17: folds 
j0j0s23: folds 
NygaardP: folds 
Uncalled bet (50) returned to Gabrielfs13
Gabrielfs13 collected 196 from pot
Gabrielfs13: doesn't show hand 
*** SUMMARY ***
Total pot 196 | Rake 0 
Seat 1: PlinioFerraz folded before Flop (didn't bet)
Seat 2: oakstair folded before Flop (didn't bet)
Seat 3: Falcaogol folded before Flop (didn't bet)
Seat 4: nicoz17 folded before Flop (didn't bet)
Seat 5: j0j0s23 (button) folded before Flop (didn't bet)
Seat 6: NygaardP (small blind) folded before Flop
Seat 7: Gabrielfs13 (big blind) collected (196)
Seat 8: Syltty folded before Flop (didn't bet)



PokerStars Hand #256960418277: Tournament #3908026616, $4.90+$4.90+$1.20 USD Hold'em No Limit - Level IV (50/100) - 2025/07/15 17:23:36 BRT [2025/07/15 16:23:36 ET]
Table '3908026616 6' 8-max Seat #6 is the button
Seat 1: PlinioFerraz (10568 in chips) 
Seat 2: oakstair (10975 in chips) 
Seat 3: Falcaogol (11858 in chips) 
Seat 4: nicoz17 (9988 in chips) 
Seat 5: j0j0s23 (6445 in chips) 
Seat 6: NygaardP (8234 in chips) 
Seat 7: Gabrielfs13 (10941 in chips) 
Seat 8: Syltty (12750 in chips) 
PlinioFerraz: posts the ante 12
oakstair: posts the ante 12
Falcaogol: posts the ante 12
nicoz17: posts the ante 12
j0j0s23: posts the ante 12
NygaardP: posts the ante 12
Gabrielfs13: posts the ante 12
Syltty: posts the ante 12
Gabrielfs13: posts small blind 50
Syltty: posts big blind 100
*** HOLE CARDS ***
Dealt to Gabrielfs13 [3s 6s]
PlinioFerraz: folds 
oakstair: folds 
Falcaogol: folds 
nicoz17: folds 
j0j0s23: folds 
NygaardP: folds 
Gabrielfs13: raises 200 to 300
Syltty: calls 200
*** FLOP *** [6c 6d Qc]
Gabrielfs13: bets 348
Syltty: folds 
Uncalled bet (348) returned to Gabrielfs13
Gabrielfs13 collected 696 from pot
Gabrielfs13: doesn't show hand 
*** SUMMARY ***
Total pot 696 | Rake 0 
Board [6c 6d Qc]
Seat 1: PlinioFerraz folded before Flop (didn't bet)
Seat 2: oakstair folded before Flop (didn't bet)
Seat 3: Falcaogol folded before Flop (didn't bet)
Seat 4: nicoz17 folded before Flop (didn't bet)
Seat 5: j0j0s23 folded before Flop (didn't bet)
Seat 6: NygaardP (button) folded before Flop (didn't bet)
Seat 7: Gabrielfs13 (small blind) collected (696)
Seat 8: Syltty (big blind) folded on the Flop



PokerStars Hand #256960434595: Tournament #3908026616, $4.90+$4.90+$1.20 USD Hold'em No Limit - Level IV (50/100) - 2025/07/15 17:24:40 BRT [2025/07/15 16:24:40 ET]
Table '3908026616 6' 8-max Seat #7 is the button
Seat 1: PlinioFerraz (10556 in chips) 
Seat 2: oakstair (10963 in chips) 
Seat 3: Falcaogol (11846 in chips) 
Seat 4: nicoz17 (9976 in chips) 
Seat 5: j0j0s23 (6433 in chips) 
Seat 6: NygaardP (8222 in chips) 
Seat 7: Gabrielfs13 (11325 in chips) 
Seat 8: Syltty (12438 in chips) 
PlinioFerraz: posts the ante 12
oakstair: posts the ante 12
Falcaogol: posts the ante 12
nicoz17: posts the ante 12
j0j0s23: posts the ante 12
NygaardP: posts the ante 12
Gabrielfs13: posts the ante 12
Syltty: posts the ante 12
Syltty: posts small blind 50
PlinioFerraz: posts big blind 100
*** HOLE CARDS ***
Dealt to Gabrielfs13 [Jc Ac]
oakstair: raises 100 to 200
Falcaogol: folds 
nicoz17: folds 
j0j0s23: folds 
NygaardP: raises 200 to 400
Gabrielfs13: folds 
Syltty: folds 
PlinioFerraz: folds 
oakstair: calls 200
*** FLOP *** [2d 9d Tc]
oakstair: checks 
NygaardP: checks 
*** TURN *** [2d 9d Tc] [6d]
oakstair: bets 523
NygaardP: folds 
Uncalled bet (523) returned to oakstair
oakstair collected 1046 from pot
*** SUMMARY ***
Total pot 1046 | Rake 0 
Board [2d 9d Tc 6d]
Seat 1: PlinioFerraz (big blind) folded before Flop
Seat 2: oakstair collected (1046)
Seat 3: Falcaogol folded before Flop (didn't bet)
Seat 4: nicoz17 folded before Flop (didn't bet)
Seat 5: j0j0s23 folded before Flop (didn't bet)
Seat 6: NygaardP folded on the Turn
Seat 7: Gabrielfs13 (button) folded before Flop (didn't bet)
Seat 8: Syltty (small blind) folded before Flop



PokerStars Hand #256960446942: Tournament #3908026616, $4.90+$4.90+$1.20 USD Hold'em No Limit - Level IV (50/100) - 2025/07/15 17:25:28 BRT [2025/07/15 16:25:28 ET]
Table '3908026616 6' 8-max Seat #8 is the button
Seat 1: PlinioFerraz (10444 in chips) 
Seat 2: oakstair (11597 in chips) 
Seat 3: Falcaogol (11834 in chips) 
Seat 4: nicoz17 (9964 in chips) 
Seat 5: j0j0s23 (6421 in chips) 
Seat 6: NygaardP (7810 in chips) 
Seat 7: Gabrielfs13 (11313 in chips) 
Seat 8: Syltty (12376 in chips) 
PlinioFerraz: posts the ante 12
oakstair: posts the ante 12
Falcaogol: posts the ante 12
nicoz17: posts the ante 12
j0j0s23: posts the ante 12
NygaardP: posts the ante 12
Gabrielfs13: posts the ante 12
Syltty: posts the ante 12
PlinioFerraz: posts small blind 50
oakstair: posts big blind 100
*** HOLE CARDS ***
Dealt to Gabrielfs13 [5c Ad]
Falcaogol: folds 
nicoz17: folds 
j0j0s23: folds 
NygaardP: folds 
Gabrielfs13: raises 100 to 200
Syltty: raises 646 to 846
PlinioFerraz: folds 
oakstair: folds 
Gabrielfs13: folds 
Uncalled bet (646) returned to Syltty
Syltty collected 646 from pot
*** SUMMARY ***
Total pot 646 | Rake 0 
Seat 1: PlinioFerraz (small blind) folded before Flop
Seat 2: oakstair (big blind) folded before Flop
Seat 3: Falcaogol folded before Flop (didn't bet)
Seat 4: nicoz17 folded before Flop (didn't bet)
Seat 5: j0j0s23 folded before Flop (didn't bet)
Seat 6: NygaardP folded before Flop (didn't bet)
Seat 7: Gabrielfs13 folded before Flop
Seat 8: Syltty (button) collected (646)



PokerStars Hand #256960460446: Tournament #3908026616, $4.90+$4.90+$1.20 USD Hold'em No Limit - Level V (60/120) - 2025/07/15 17:26:20 BRT [2025/07/15 16:26:20 ET]
Table '3908026616 6' 8-max Seat #1 is the button
Seat 1: PlinioFerraz (10382 in chips) 
Seat 2: oakstair (11485 in chips) 
Seat 3: Falcaogol (11822 in chips) 
Seat 4: nicoz17 (9952 in chips) 
Seat 5: j0j0s23 (6409 in chips) 
Seat 6: NygaardP (7798 in chips) 
Seat 7: Gabrielfs13 (11101 in chips) 
Seat 8: Syltty (12810 in chips) 
PlinioFerraz: posts the ante 16
oakstair: posts the ante 16
Falcaogol: posts the ante 16
nicoz17: posts the ante 16
j0j0s23: posts the ante 16
NygaardP: posts the ante 16
Gabrielfs13: posts the ante 16
Syltty: posts the ante 16
oakstair: posts small blind 60
Falcaogol: posts big blind 120
*** HOLE CARDS ***
Dealt to Gabrielfs13 [8d Tc]
nicoz17: folds 
j0j0s23: folds 
NygaardP: folds 
Gabrielfs13: folds 
Syltty: raises 120 to 240
PlinioFerraz: folds 
oakstair: folds 
Falcaogol: calls 120
*** FLOP *** [3s Td 8s]
Falcaogol: checks 
Syltty: checks 
*** TURN *** [3s Td 8s] [5s]
Falcaogol: bets 528
Syltty: calls 528
*** RIVER *** [3s Td 8s 5s] [2h]
Falcaogol: bets 1362
Syltty: folds 
Uncalled bet (1362) returned to Falcaogol
Falcaogol collected 1724 from pot
*** SUMMARY ***
Total pot 1724 | Rake 0 
Board [3s Td 8s 5s 2h]
Seat 1: PlinioFerraz (button) folded before Flop (didn't bet)
Seat 2: oakstair (small blind) folded before Flop
Seat 3: Falcaogol (big blind) collected (1724)
Seat 4: nicoz17 folded before Flop (didn't bet)
Seat 5: j0j0s23 folded before Flop (didn't bet)
Seat 6: NygaardP folded before Flop (didn't bet)
Seat 7: Gabrielfs13 folded before Flop (didn't bet)
Seat 8: Syltty folded on the River



PokerStars Hand #256960489938: Tournament #3908026616, $4.90+$4.90+$1.20 USD Hold'em No Limit - Level V (60/120) - 2025/07/15 17:28:15 BRT [2025/07/15 16:28:15 ET]
Table '3908026616 6' 8-max Seat #2 is the button
Seat 1: PlinioFerraz (10366 in chips) 
Seat 2: oakstair (11409 in chips) 
Seat 3: Falcaogol (12762 in chips) 
Seat 4: nicoz17 (9936 in chips) 
Seat 5: j0j0s23 (6393 in chips) 
Seat 6: NygaardP (7782 in chips) 
Seat 7: Gabrielfs13 (11085 in chips) 
Seat 8: Syltty (12026 in chips) 
PlinioFerraz: posts the ante 16
oakstair: posts the ante 16
Falcaogol: posts the ante 16
nicoz17: posts the ante 16
j0j0s23: posts the ante 16
NygaardP: posts the ante 16
Gabrielfs13: posts the ante 16
Syltty: posts the ante 16
Falcaogol: posts small blind 60
nicoz17: posts big blind 120
*** HOLE CARDS ***
Dealt to Gabrielfs13 [3d 9c]
j0j0s23: folds 
NygaardP: folds 
Gabrielfs13: folds 
Syltty: folds 
PlinioFerraz: raises 120 to 240
oakstair: calls 240
Falcaogol: folds 
nicoz17: folds 
*** FLOP *** [2s 9h 6c]
PlinioFerraz: bets 197
oakstair: folds 
Uncalled bet (197) returned to PlinioFerraz
PlinioFerraz collected 788 from pot
PlinioFerraz: doesn't show hand 
*** SUMMARY ***
Total pot 788 | Rake 0 
Board [2s 9h 6c]
Seat 1: PlinioFerraz collected (788)
Seat 2: oakstair (button) folded on the Flop
Seat 3: Falcaogol (small blind) folded before Flop
Seat 4: nicoz17 (big blind) folded before Flop
Seat 5: j0j0s23 folded before Flop (didn't bet)
Seat 6: NygaardP folded before Flop (didn't bet)
Seat 7: Gabrielfs13 folded before Flop (didn't bet)
Seat 8: Syltty folded before Flop (didn't bet)



PokerStars Hand #256960501482: Tournament #3908026616, $4.90+$4.90+$1.20 USD Hold'em No Limit - Level V (60/120) - 2025/07/15 17:29:00 BRT [2025/07/15 16:29:00 ET]
Table '3908026616 6' 8-max Seat #3 is the button
Seat 1: PlinioFerraz (10898 in chips) 
Seat 2: oakstair (11153 in chips) 
Seat 3: Falcaogol (12686 in chips) 
Seat 4: nicoz17 (9800 in chips) 
Seat 5: j0j0s23 (6377 in chips) 
Seat 6: NygaardP (7766 in chips) 
Seat 7: Gabrielfs13 (11069 in chips) 
Seat 8: Syltty (12010 in chips) 
PlinioFerraz: posts the ante 16
oakstair: posts the ante 16
Falcaogol: posts the ante 16
nicoz17: posts the ante 16
j0j0s23: posts the ante 16
NygaardP: posts the ante 16
Gabrielfs13: posts the ante 16
Syltty: posts the ante 16
nicoz17: posts small blind 60
j0j0s23: posts big blind 120
*** HOLE CARDS ***
Dealt to Gabrielfs13 [Jh 9h]
NygaardP: folds 
Gabrielfs13: raises 120 to 240
Syltty: calls 240
PlinioFerraz: folds 
oakstair: calls 240
Falcaogol: folds 
nicoz17: folds 
j0j0s23: calls 120
*** FLOP *** [8s 2d 6s]
j0j0s23: checks 
Gabrielfs13: checks 
Syltty: checks 
oakstair: checks 
*** TURN *** [8s 2d 6s] [2s]
j0j0s23: bets 344
Gabrielfs13: folds 
Syltty: calls 344
oakstair: folds 
*** RIVER *** [8s 2d 6s 2s] [3d]
j0j0s23: checks 
Syltty: checks 
*** SHOW DOWN ***
j0j0s23: shows [6d 8d] (two pair, Eights and Sixes)
Syltty: mucks hand 
j0j0s23 collected 1836 from pot
*** SUMMARY ***
Total pot 1836 | Rake 0 
Board [8s 2d 6s 2s 3d]
Seat 1: PlinioFerraz folded before Flop (didn't bet)
Seat 2: oakstair folded on the Turn
Seat 3: Falcaogol (button) folded before Flop (didn't bet)
Seat 4: nicoz17 (small blind) folded before Flop
Seat 5: j0j0s23 (big blind) showed [6d 8d] and won (1836) with two pair, Eights and Sixes
Seat 6: NygaardP folded before Flop (didn't bet)
Seat 7: Gabrielfs13 folded on the Turn
Seat 8: Syltty mucked [As Th]



PokerStars Hand #256960517393: Tournament #3908026616, $4.90+$4.90+$1.20 USD Hold'em No Limit - Level V (60/120) - 2025/07/15 17:30:01 BRT [2025/07/15 16:30:01 ET]
Table '3908026616 6' 8-max Seat #4 is the button
Seat 1: PlinioFerraz (10882 in chips) 
Seat 2: oakstair (10897 in chips) 
Seat 3: Falcaogol (12670 in chips) 
Seat 4: nicoz17 (9724 in chips) 
Seat 5: j0j0s23 (7613 in chips) 
Seat 6: NygaardP (7750 in chips) 
Seat 7: Gabrielfs13 (10813 in chips) 
Seat 8: Syltty (11410 in chips) 
PlinioFerraz: posts the ante 16
oakstair: posts the ante 16
Falcaogol: posts the ante 16
nicoz17: posts the ante 16
j0j0s23: posts the ante 16
NygaardP: posts the ante 16
Gabrielfs13: posts the ante 16
Syltty: posts the ante 16
j0j0s23: posts small blind 60
NygaardP: posts big blind 120
*** HOLE CARDS ***
Dealt to Gabrielfs13 [8h Ac]
Gabrielfs13: folds 
Syltty: folds 
PlinioFerraz: folds 
oakstair: folds 
Falcaogol: folds 
nicoz17: raises 120 to 240
j0j0s23: folds 
NygaardP: calls 120
*** FLOP *** [4h 8c Th]
NygaardP: checks 
nicoz17: bets 360
NygaardP: calls 360
*** TURN *** [4h 8c Th] [Kh]
NygaardP: checks 
nicoz17: bets 960
NygaardP: folds 
Uncalled bet (960) returned to nicoz17
nicoz17 collected 1388 from pot
nicoz17: doesn't show hand 
*** SUMMARY ***
Total pot 1388 | Rake 0 
Board [4h 8c Th Kh]
Seat 1: PlinioFerraz folded before Flop (didn't bet)
Seat 2: oakstair folded before Flop (didn't bet)
Seat 3: Falcaogol folded before Flop (didn't bet)
Seat 4: nicoz17 (button) collected (1388)
Seat 5: j0j0s23 (small blind) folded before Flop
Seat 6: NygaardP (big blind) folded on the Turn
Seat 7: Gabrielfs13 folded before Flop (didn't bet)
Seat 8: Syltty folded before Flop (didn't bet)



PokerStars Hand #256960531968: Tournament #3908026616, $4.90+$4.90+$1.20 USD Hold'em No Limit - Level V (60/120) - 2025/07/15 17:30:57 BRT [2025/07/15 16:30:57 ET]
Table '3908026616 6' 8-max Seat #5 is the button
Seat 1: PlinioFerraz (10866 in chips) 
Seat 2: oakstair (10881 in chips) 
Seat 3: Falcaogol (12654 in chips) 
Seat 4: nicoz17 (10496 in chips) 
Seat 5: j0j0s23 (7537 in chips) 
Seat 6: NygaardP (7134 in chips) 
Seat 7: Gabrielfs13 (10797 in chips) 
Seat 8: Syltty (11394 in chips) 
PlinioFerraz: posts the ante 16
oakstair: posts the ante 16
Falcaogol: posts the ante 16
nicoz17: posts the ante 16
j0j0s23: posts the ante 16
NygaardP: posts the ante 16
Gabrielfs13: posts the ante 16
Syltty: posts the ante 16
NygaardP: posts small blind 60
Gabrielfs13: posts big blind 120
*** HOLE CARDS ***
Dealt to Gabrielfs13 [4s Jc]
Syltty: folds 
PlinioFerraz: folds 
oakstair: folds 
Falcaogol: folds 
nicoz17: raises 120 to 240
j0j0s23: raises 600 to 840
NygaardP: folds 
Gabrielfs13: folds 
nicoz17: calls 600
*** FLOP *** [8h 5s 3h]
nicoz17: checks 
j0j0s23: bets 596
nicoz17: calls 596
*** TURN *** [8h 5s 3h] [3c]
nicoz17: checks 
j0j0s23: bets 1800
nicoz17: calls 1800
*** RIVER *** [8h 5s 3h 3c] [6s]
nicoz17: checks 
j0j0s23: checks 
*** SHOW DOWN ***
nicoz17: shows [9d 8d] (two pair, Eights and Threes)
j0j0s23: mucks hand 
nicoz17 collected 6780 from pot
*** SUMMARY ***
Total pot 6780 | Rake 0 
Board [8h 5s 3h 3c 6s]
Seat 1: PlinioFerraz folded before Flop (didn't bet)
Seat 2: oakstair folded before Flop (didn't bet)
Seat 3: Falcaogol folded before Flop (didn't bet)
Seat 4: nicoz17 showed [9d 8d] and won (6780) with two pair, Eights and Threes
Seat 5: j0j0s23 (button) mucked [Ah 5h]
Seat 6: NygaardP (small blind) folded before Flop
Seat 7: Gabrielfs13 (big blind) folded before Flop
Seat 8: Syltty folded before Flop (didn't bet)



PokerStars Hand #256960550498: Tournament #3908026616, $4.90+$4.90+$1.20 USD Hold'em No Limit - Level VI (80/160) - 2025/07/15 17:32:09 BRT [2025/07/15 16:32:09 ET]
Table '3908026616 6' 8-max Seat #6 is the button
Seat 1: PlinioFerraz (10850 in chips) 
Seat 2: oakstair (10865 in chips) 
Seat 3: Falcaogol (12638 in chips) 
Seat 4: nicoz17 (14024 in chips) 
Seat 5: j0j0s23 (4285 in chips) 
Seat 6: NygaardP (7058 in chips) 
Seat 7: Gabrielfs13 (10661 in chips) 
Seat 8: Syltty (11378 in chips) 
PlinioFerraz: posts the ante 20
oakstair: posts the ante 20
Falcaogol: posts the ante 20
nicoz17: posts the ante 20
j0j0s23: posts the ante 20
NygaardP: posts the ante 20
Gabrielfs13: posts the ante 20
Syltty: posts the ante 20
Gabrielfs13: posts small blind 80
Syltty: posts big blind 160
*** HOLE CARDS ***
Dealt to Gabrielfs13 [Td 6d]
PlinioFerraz: folds 
oakstair: folds 
Falcaogol: folds 
nicoz17: folds 
j0j0s23: raises 320 to 480
NygaardP: calls 480
Gabrielfs13: folds 
Syltty: folds 
*** FLOP *** [8d Tc Jd]
j0j0s23: checks 
NygaardP: checks 
*** TURN *** [8d Tc Jd] [8s]
j0j0s23: checks 
NygaardP: bets 800
j0j0s23: folds 
Uncalled bet (800) returned to NygaardP
NygaardP collected 1360 from pot
NygaardP: doesn't show hand 
*** SUMMARY ***
Total pot 1360 | Rake 0 
Board [8d Tc Jd 8s]
Seat 1: PlinioFerraz folded before Flop (didn't bet)
Seat 2: oakstair folded before Flop (didn't bet)
Seat 3: Falcaogol folded before Flop (didn't bet)
Seat 4: nicoz17 folded before Flop (didn't bet)
Seat 5: j0j0s23 folded on the Turn
Seat 6: NygaardP (button) collected (1360)
Seat 7: Gabrielfs13 (small blind) folded before Flop
Seat 8: Syltty (big blind) folded before Flop



PokerStars Hand #256960568114: Tournament #3908026616, $4.90+$4.90+$1.20 USD Hold'em No Limit - Level VI (80/160) - 2025/07/15 17:33:16 BRT [2025/07/15 16:33:16 ET]
Table '3908026616 6' 8-max Seat #7 is the button
Seat 1: PlinioFerraz (10830 in chips) 
Seat 2: oakstair (10845 in chips) 
Seat 3: Falcaogol (12618 in chips) 
Seat 4: nicoz17 (14004 in chips) 
Seat 5: j0j0s23 (3785 in chips) 
Seat 6: NygaardP (7918 in chips) 
Seat 7: Gabrielfs13 (10561 in chips) 
Seat 8: Syltty (11198 in chips) 
PlinioFerraz: posts the ante 20
oakstair: posts the ante 20
Falcaogol: posts the ante 20
nicoz17: posts the ante 20
j0j0s23: posts the ante 20
NygaardP: posts the ante 20
Gabrielfs13: posts the ante 20
Syltty: posts the ante 20
Syltty: posts small blind 80
PlinioFerraz: posts big blind 160
*** HOLE CARDS ***
Dealt to Gabrielfs13 [6c Jc]
oakstair: folds 
Falcaogol: folds 
nicoz17: folds 
j0j0s23: raises 320 to 480
NygaardP: calls 480
Gabrielfs13: folds 
Syltty: folds 
PlinioFerraz: folds 
*** FLOP *** [Th 8h 5d]
j0j0s23: bets 640
NygaardP: raises 1556 to 2196
j0j0s23: raises 1089 to 3285 and is all-in
NygaardP: calls 1089
*** TURN *** [Th 8h 5d] [5c]
*** RIVER *** [Th 8h 5d 5c] [2c]
*** SHOW DOWN ***
j0j0s23: shows [Jh Kh] (a pair of Fives)
NygaardP: shows [Qh Qs] (two pair, Queens and Fives)
NygaardP collected 7930 from pot
j0j0s23 finished the tournament
*** SUMMARY ***
Total pot 7930 | Rake 0 
Board [Th 8h 5d 5c 2c]
Seat 1: PlinioFerraz (big blind) folded before Flop
Seat 2: oakstair folded before Flop (didn't bet)
Seat 3: Falcaogol folded before Flop (didn't bet)
Seat 4: nicoz17 folded before Flop (didn't bet)
Seat 5: j0j0s23 showed [Jh Kh] and lost with a pair of Fives
Seat 6: NygaardP showed [Qh Qs] and won (7930) with two pair, Queens and Fives
Seat 7: Gabrielfs13 (button) folded before Flop (didn't bet)
Seat 8: Syltty (small blind) folded before Flop



PokerStars Hand #256960585405: Tournament #3908026616, $4.90+$4.90+$1.20 USD Hold'em No Limit - Level VI (80/160) - 2025/07/15 17:34:22 BRT [2025/07/15 16:34:22 ET]
Table '3908026616 6' 8-max Seat #8 is the button
Seat 1: PlinioFerraz (10650 in chips) 
Seat 2: oakstair (10825 in chips) 
Seat 3: Falcaogol (12598 in chips) 
Seat 4: nicoz17 (13984 in chips) 
Seat 6: NygaardP (12063 in chips) 
Seat 7: Gabrielfs13 (10541 in chips) 
Seat 8: Syltty (11098 in chips) 
PlinioFerraz: posts the ante 20
oakstair: posts the ante 20
Falcaogol: posts the ante 20
nicoz17: posts the ante 20
NygaardP: posts the ante 20
Gabrielfs13: posts the ante 20
Syltty: posts the ante 20
PlinioFerraz: posts small blind 80
oakstair: posts big blind 160
*** HOLE CARDS ***
Dealt to Gabrielfs13 [5c 6h]
marietheresa007 is disconnected 
Falcaogol: folds 
nicoz17: raises 160 to 320
NygaardP: calls 320
Gabrielfs13: folds 
Syltty: calls 320
PlinioFerraz: folds 
oakstair: folds 
*** FLOP *** [5h 7h 6c]
nicoz17: checks 
NygaardP: bets 640
Syltty: folds 
nicoz17: calls 640
*** TURN *** [5h 7h 6c] [Kc]
nicoz17: checks 
NygaardP: checks 
*** RIVER *** [5h 7h 6c Kc] [8s]
nicoz17: checks 
NygaardP: bets 1280
nicoz17: calls 1280
*** SHOW DOWN ***
NygaardP: shows [Td Qd] (high card King)
nicoz17: shows [Tc Ad] (high card Ace)
nicoz17 collected 5180 from pot
*** SUMMARY ***
Total pot 5180 | Rake 0 
Board [5h 7h 6c Kc 8s]
Seat 1: PlinioFerraz (small blind) folded before Flop
Seat 2: oakstair (big blind) folded before Flop
Seat 3: Falcaogol folded before Flop (didn't bet)
Seat 4: nicoz17 showed [Tc Ad] and won (5180) with high card Ace
Seat 6: NygaardP showed [Td Qd] and lost with high card King
Seat 7: Gabrielfs13 folded before Flop (didn't bet)
Seat 8: Syltty (button) folded on the Flop



PokerStars Hand #256960614864: Tournament #3908026616, $4.90+$4.90+$1.20 USD Hold'em No Limit - Level VI (80/160) - 2025/07/15 17:36:14 BRT [2025/07/15 16:36:14 ET]
Table '3908026616 6' 8-max Seat #1 is the button
Seat 1: PlinioFerraz (10550 in chips) 
Seat 2: oakstair (10645 in chips) 
Seat 3: Falcaogol (12578 in chips) 
Seat 4: nicoz17 (16904 in chips) 
Seat 5: marietheresa007 (10000 in chips) 
Seat 6: NygaardP (9803 in chips) 
Seat 7: Gabrielfs13 (10521 in chips) 
Seat 8: Syltty (10758 in chips) 
PlinioFerraz: posts the ante 20
oakstair: posts the ante 20
Falcaogol: posts the ante 20
nicoz17: posts the ante 20
marietheresa007: posts the ante 20
NygaardP: posts the ante 20
Gabrielfs13: posts the ante 20
Syltty: posts the ante 20
oakstair: posts small blind 80
Falcaogol: posts big blind 160
*** HOLE CARDS ***
Dealt to Gabrielfs13 [Qh 9d]
nicoz17: raises 160 to 320
marietheresa007: folds 
NygaardP: folds 
Gabrielfs13: folds 
Syltty: calls 320
PlinioFerraz: folds 
oakstair: raises 1280 to 1600
Falcaogol: raises 1760 to 3360
nicoz17: folds 
Syltty: folds 
oakstair: raises 7265 to 10625 and is all-in
Falcaogol: folds 
Uncalled bet (7265) returned to oakstair
oakstair collected 7520 from pot
*** SUMMARY ***
Total pot 7520 | Rake 0 
Seat 1: PlinioFerraz (button) folded before Flop (didn't bet)
Seat 2: oakstair (small blind) collected (7520)
Seat 3: Falcaogol (big blind) folded before Flop
Seat 4: nicoz17 folded before Flop
Seat 5: marietheresa007 folded before Flop (didn't bet)
Seat 6: NygaardP folded before Flop (didn't bet)
Seat 7: Gabrielfs13 folded before Flop (didn't bet)
Seat 8: Syltty folded before Flop



PokerStars Hand #256960630618: Tournament #3908026616, $4.90+$4.90+$1.20 USD Hold'em No Limit - Level VI (80/160) - 2025/07/15 17:37:13 BRT [2025/07/15 16:37:13 ET]
Table '3908026616 6' 8-max Seat #2 is the button
Seat 1: PlinioFerraz (10530 in chips) 
Seat 2: oakstair (14785 in chips) 
Seat 3: Falcaogol (9198 in chips) 
Seat 4: nicoz17 (16564 in chips) 
Seat 5: marietheresa007 (9980 in chips) 
Seat 6: NygaardP (9783 in chips) 
Seat 7: Gabrielfs13 (10501 in chips) 
Seat 8: Syltty (10418 in chips) 
PlinioFerraz: posts the ante 20
oakstair: posts the ante 20
Falcaogol: posts the ante 20
nicoz17: posts the ante 20
marietheresa007: posts the ante 20
NygaardP: posts the ante 20
Gabrielfs13: posts the ante 20
Syltty: posts the ante 20
Falcaogol: posts small blind 80
nicoz17: posts big blind 160
*** HOLE CARDS ***
Dealt to Gabrielfs13 [9s 4d]
marietheresa007: folds 
NygaardP: folds 
Gabrielfs13: folds 
Syltty: folds 
PlinioFerraz: raises 160 to 320
oakstair: folds 
Falcaogol: folds 
nicoz17: folds 
Uncalled bet (160) returned to PlinioFerraz
PlinioFerraz collected 560 from pot
PlinioFerraz: doesn't show hand 
*** SUMMARY ***
Total pot 560 | Rake 0 
Seat 1: PlinioFerraz collected (560)
Seat 2: oakstair (button) folded before Flop (didn't bet)
Seat 3: Falcaogol (small blind) folded before Flop
Seat 4: nicoz17 (big blind) folded before Flop
Seat 5: marietheresa007 folded before Flop (didn't bet)
Seat 6: NygaardP folded before Flop (didn't bet)
Seat 7: Gabrielfs13 folded before Flop (didn't bet)
Seat 8: Syltty folded before Flop (didn't bet)



PokerStars Hand #256960639656: Tournament #3908026616, $4.90+$4.90+$1.20 USD Hold'em No Limit - Level VI (80/160) - 2025/07/15 17:37:47 BRT [2025/07/15 16:37:47 ET]
Table '3908026616 6' 8-max Seat #3 is the button
Seat 1: PlinioFerraz (10910 in chips) 
Seat 2: oakstair (14765 in chips) 
Seat 3: Falcaogol (9098 in chips) 
Seat 4: nicoz17 (16384 in chips) 
Seat 5: marietheresa007 (9960 in chips) 
Seat 6: NygaardP (9763 in chips) 
Seat 7: Gabrielfs13 (10481 in chips) 
Seat 8: Syltty (10398 in chips) 
PlinioFerraz: posts the ante 20
oakstair: posts the ante 20
Falcaogol: posts the ante 20
nicoz17: posts the ante 20
marietheresa007: posts the ante 20
NygaardP: posts the ante 20
Gabrielfs13: posts the ante 20
Syltty: posts the ante 20
nicoz17: posts small blind 80
marietheresa007: posts big blind 160
*** HOLE CARDS ***
Dealt to Gabrielfs13 [7s 2c]
NygaardP: folds 
Gabrielfs13: folds 
Syltty: folds 
PlinioFerraz: folds 
oakstair: raises 160 to 320
Falcaogol: calls 320
nicoz17: folds 
marietheresa007: calls 160
*** FLOP *** [7d 4d Qc]
marietheresa007: bets 1200
oakstair: folds 
Falcaogol: folds 
Uncalled bet (1200) returned to marietheresa007
marietheresa007 collected 1200 from pot
marietheresa007: doesn't show hand 
*** SUMMARY ***
Total pot 1200 | Rake 0 
Board [7d 4d Qc]
Seat 1: PlinioFerraz folded before Flop (didn't bet)
Seat 2: oakstair folded on the Flop
Seat 3: Falcaogol (button) folded on the Flop
Seat 4: nicoz17 (small blind) folded before Flop
Seat 5: marietheresa007 (big blind) collected (1200)
Seat 6: NygaardP folded before Flop (didn't bet)
Seat 7: Gabrielfs13 folded before Flop (didn't bet)
Seat 8: Syltty folded before Flop (didn't bet)



PokerStars Hand #256960653777: Tournament #3908026616, $4.90+$4.90+$1.20 USD Hold'em No Limit - Level VII (100/200) - 2025/07/15 17:38:40 BRT [2025/07/15 16:38:40 ET]
Table '3908026616 6' 8-max Seat #4 is the button
Seat 1: PlinioFerraz (10890 in chips) 
Seat 2: oakstair (14425 in chips) 
Seat 3: Falcaogol (8758 in chips) 
Seat 4: nicoz17 (16284 in chips) 
Seat 5: marietheresa007 (10820 in chips) 
Seat 6: NygaardP (9743 in chips) 
Seat 7: Gabrielfs13 (10461 in chips) 
Seat 8: Syltty (10378 in chips) 
PlinioFerraz: posts the ante 25
oakstair: posts the ante 25
Falcaogol: posts the ante 25
nicoz17: posts the ante 25
marietheresa007: posts the ante 25
NygaardP: posts the ante 25
Gabrielfs13: posts the ante 25
Syltty: posts the ante 25
marietheresa007: posts small blind 100
NygaardP: posts big blind 200
*** HOLE CARDS ***
Dealt to Gabrielfs13 [4h Ac]
Gabrielfs13: folds 
Syltty: folds 
PlinioFerraz: folds 
oakstair: folds 
Falcaogol: raises 200 to 400
nicoz17: raises 800 to 1200
marietheresa007: folds 
NygaardP: folds 
Falcaogol: folds 
Uncalled bet (800) returned to nicoz17
nicoz17 collected 1300 from pot
nicoz17: doesn't show hand 
*** SUMMARY ***
Total pot 1300 | Rake 0 
Seat 1: PlinioFerraz folded before Flop (didn't bet)
Seat 2: oakstair folded before Flop (didn't bet)
Seat 3: Falcaogol folded before Flop
Seat 4: nicoz17 (button) collected (1300)
Seat 5: marietheresa007 (small blind) folded before Flop
Seat 6: NygaardP (big blind) folded before Flop
Seat 7: Gabrielfs13 folded before Flop (didn't bet)
Seat 8: Syltty folded before Flop (didn't bet)



PokerStars Hand #256960666240: Tournament #3908026616, $4.90+$4.90+$1.20 USD Hold'em No Limit - Level VII (100/200) - 2025/07/15 17:39:27 BRT [2025/07/15 16:39:27 ET]
Table '3908026616 6' 8-max Seat #5 is the button
Seat 1: PlinioFerraz (10865 in chips) 
Seat 2: oakstair (14400 in chips) 
Seat 3: Falcaogol (8333 in chips) 
Seat 4: nicoz17 (17159 in chips) 
Seat 5: marietheresa007 (10695 in chips) 
Seat 6: NygaardP (9518 in chips) 
Seat 7: Gabrielfs13 (10436 in chips) 
Seat 8: Syltty (10353 in chips) 
PlinioFerraz: posts the ante 25
oakstair: posts the ante 25
Falcaogol: posts the ante 25
nicoz17: posts the ante 25
marietheresa007: posts the ante 25
NygaardP: posts the ante 25
Gabrielfs13: posts the ante 25
Syltty: posts the ante 25
NygaardP: posts small blind 100
Gabrielfs13: posts big blind 200
*** HOLE CARDS ***
Dealt to Gabrielfs13 [4h 8h]
Syltty: folds 
PlinioFerraz: folds 
oakstair: folds 
Falcaogol: folds 
nicoz17 has timed out
nicoz17: folds 
nicoz17 is sitting out
marietheresa007: raises 700 to 900
NygaardP: folds 
nicoz17 has returned
Gabrielfs13: calls 700
*** FLOP *** [9d 7s 5d]
Gabrielfs13: checks 
marietheresa007: checks 
*** TURN *** [9d 7s 5d] [Kc]
Gabrielfs13: checks 
marietheresa007: bets 1050
Gabrielfs13: folds 
Uncalled bet (1050) returned to marietheresa007
marietheresa007 collected 2100 from pot
marietheresa007: doesn't show hand 
*** SUMMARY ***
Total pot 2100 | Rake 0 
Board [9d 7s 5d Kc]
Seat 1: PlinioFerraz folded before Flop (didn't bet)
Seat 2: oakstair folded before Flop (didn't bet)
Seat 3: Falcaogol folded before Flop (didn't bet)
Seat 4: nicoz17 folded before Flop (didn't bet)
Seat 5: marietheresa007 (button) collected (2100)
Seat 6: NygaardP (small blind) folded before Flop
Seat 7: Gabrielfs13 (big blind) folded on the Turn
Seat 8: Syltty folded before Flop (didn't bet)



PokerStars Hand #256960686899: Tournament #3908026616, $4.90+$4.90+$1.20 USD Hold'em No Limit - Level VII (100/200) - 2025/07/15 17:40:45 BRT [2025/07/15 16:40:45 ET]
Table '3908026616 6' 8-max Seat #6 is the button
Seat 1: PlinioFerraz (10840 in chips) 
Seat 2: oakstair (14375 in chips) 
Seat 3: Falcaogol (8308 in chips) 
Seat 4: nicoz17 (17134 in chips) 
Seat 5: marietheresa007 (11870 in chips) 
Seat 6: NygaardP (9393 in chips) 
Seat 7: Gabrielfs13 (9511 in chips) 
Seat 8: Syltty (10328 in chips) 
PlinioFerraz: posts the ante 25
oakstair: posts the ante 25
Falcaogol: posts the ante 25
nicoz17: posts the ante 25
marietheresa007: posts the ante 25
NygaardP: posts the ante 25
Gabrielfs13: posts the ante 25
Syltty: posts the ante 25
Gabrielfs13: posts small blind 100
Syltty: posts big blind 200
*** HOLE CARDS ***
Dealt to Gabrielfs13 [Ah 9d]
PlinioFerraz: folds 
oakstair: raises 200 to 400
Falcaogol: calls 400
nicoz17: folds 
marietheresa007: raises 11445 to 11845 and is all-in
NygaardP: folds 
Gabrielfs13: folds 
Syltty: folds 
oakstair: folds 
Falcaogol: folds 
Uncalled bet (11445) returned to marietheresa007
marietheresa007 collected 1700 from pot
marietheresa007: doesn't show hand 
*** SUMMARY ***
Total pot 1700 | Rake 0 
Seat 1: PlinioFerraz folded before Flop (didn't bet)
Seat 2: oakstair folded before Flop
Seat 3: Falcaogol folded before Flop
Seat 4: nicoz17 folded before Flop (didn't bet)
Seat 5: marietheresa007 collected (1700)
Seat 6: NygaardP (button) folded before Flop (didn't bet)
Seat 7: Gabrielfs13 (small blind) folded before Flop
Seat 8: Syltty (big blind) folded before Flop



PokerStars Hand #256960701726: Tournament #3908026616, $4.90+$4.90+$1.20 USD Hold'em No Limit - Level VII (100/200) - 2025/07/15 17:41:41 BRT [2025/07/15 16:41:41 ET]
Table '3908026616 6' 8-max Seat #7 is the button
Seat 1: PlinioFerraz (10815 in chips) 
Seat 2: oakstair (13950 in chips) 
Seat 3: Falcaogol (7883 in chips) 
Seat 4: nicoz17 (17109 in chips) 
Seat 5: marietheresa007 (13145 in chips) 
Seat 6: NygaardP (9368 in chips) 
Seat 7: Gabrielfs13 (9386 in chips) 
Seat 8: Syltty (10103 in chips) 
PlinioFerraz: posts the ante 25
oakstair: posts the ante 25
Falcaogol: posts the ante 25
nicoz17: posts the ante 25
marietheresa007: posts the ante 25
NygaardP: posts the ante 25
Gabrielfs13: posts the ante 25
Syltty: posts the ante 25
Syltty: posts small blind 100
PlinioFerraz: posts big blind 200
*** HOLE CARDS ***
Dealt to Gabrielfs13 [3d Kh]
oakstair: raises 200 to 400
Falcaogol: folds 
nicoz17 has timed out
nicoz17: folds 
nicoz17 is sitting out
marietheresa007: calls 400
nicoz17 has returned
NygaardP: folds 
Gabrielfs13: folds 
Syltty: folds 
PlinioFerraz: folds 
*** FLOP *** [Qh 4s 8h]
oakstair: checks 
marietheresa007: checks 
*** TURN *** [Qh 4s 8h] [5h]
oakstair: bets 400
marietheresa007: calls 400
*** RIVER *** [Qh 4s 8h 5h] [4d]
oakstair: checks 
marietheresa007: bets 1050
oakstair: folds 
Uncalled bet (1050) returned to marietheresa007
marietheresa007 collected 2100 from pot
marietheresa007: doesn't show hand 
*** SUMMARY ***
Total pot 2100 | Rake 0 
Board [Qh 4s 8h 5h 4d]
Seat 1: PlinioFerraz (big blind) folded before Flop
Seat 2: oakstair folded on the River
Seat 3: Falcaogol folded before Flop (didn't bet)
Seat 4: nicoz17 folded before Flop (didn't bet)
Seat 5: marietheresa007 collected (2100)
Seat 6: NygaardP folded before Flop (didn't bet)
Seat 7: Gabrielfs13 (button) folded before Flop (didn't bet)
Seat 8: Syltty (small blind) folded before Flop



PokerStars Hand #256960719727: Tournament #3908026616, $4.90+$4.90+$1.20 USD Hold'em No Limit - Level VII (100/200) - 2025/07/15 17:42:49 BRT [2025/07/15 16:42:49 ET]
Table '3908026616 6' 8-max Seat #8 is the button
Seat 1: PlinioFerraz (10590 in chips) 
Seat 2: oakstair (13125 in chips) 
Seat 3: Falcaogol (7858 in chips) 
Seat 4: nicoz17 (17084 in chips) 
Seat 5: marietheresa007 (14420 in chips) 
Seat 6: NygaardP (9343 in chips) 
Seat 7: Gabrielfs13 (9361 in chips) 
Seat 8: Syltty (9978 in chips) 
PlinioFerraz: posts the ante 25
oakstair: posts the ante 25
Falcaogol: posts the ante 25
nicoz17: posts the ante 25
marietheresa007: posts the ante 25
NygaardP: posts the ante 25
Gabrielfs13: posts the ante 25
Syltty: posts the ante 25
PlinioFerraz: posts small blind 100
oakstair: posts big blind 200
*** HOLE CARDS ***
Dealt to Gabrielfs13 [8h 7d]
Falcaogol: raises 200 to 400
nicoz17: folds 
marietheresa007: folds 
NygaardP: folds 
Gabrielfs13: folds 
Syltty: calls 400
PlinioFerraz: folds 
oakstair: calls 200
*** FLOP *** [6s Th 3c]
oakstair: checks 
Falcaogol: bets 400
Syltty: raises 1150 to 1550
oakstair: folds 
Falcaogol: calls 1150
*** TURN *** [6s Th 3c] [9h]
Falcaogol: checks 
Syltty: bets 5000
Falcaogol: raises 883 to 5883 and is all-in
Syltty: calls 883
*** RIVER *** [6s Th 3c 9h] [7c]
*** SHOW DOWN ***
Falcaogol: shows [Td As] (a pair of Tens)
Syltty: shows [Ts Jh] (a pair of Tens - lower kicker)
Falcaogol collected 16366 from pot
*** SUMMARY ***
Total pot 16366 | Rake 0 
Board [6s Th 3c 9h 7c]
Seat 1: PlinioFerraz (small blind) folded before Flop
Seat 2: oakstair (big blind) folded on the Flop
Seat 3: Falcaogol showed [Td As] and won (16366) with a pair of Tens
Seat 4: nicoz17 folded before Flop (didn't bet)
Seat 5: marietheresa007 folded before Flop (didn't bet)
Seat 6: NygaardP folded before Flop (didn't bet)
Seat 7: Gabrielfs13 folded before Flop (didn't bet)
Seat 8: Syltty (button) showed [Ts Jh] and lost with a pair of Tens



PokerStars Hand #256960743306: Tournament #3908026616, $4.90+$4.90+$1.20 USD Hold'em No Limit - Level VIII (125/250) - 2025/07/15 17:44:19 BRT [2025/07/15 16:44:19 ET]
Table '3908026616 6' 8-max Seat #1 is the button
Seat 1: PlinioFerraz (10465 in chips) 
Seat 2: oakstair (12700 in chips) 
Seat 3: Falcaogol (16366 in chips) 
Seat 4: nicoz17 (17059 in chips) 
Seat 5: marietheresa007 (14395 in chips) 
Seat 6: NygaardP (9318 in chips) 
Seat 7: Gabrielfs13 (9336 in chips) 
Seat 8: Syltty (2120 in chips) 
PlinioFerraz: posts the ante 30
oakstair: posts the ante 30
Falcaogol: posts the ante 30
nicoz17: posts the ante 30
marietheresa007: posts the ante 30
NygaardP: posts the ante 30
Gabrielfs13: posts the ante 30
Syltty: posts the ante 30
oakstair: posts small blind 125
Falcaogol: posts big blind 250
*** HOLE CARDS ***
Dealt to Gabrielfs13 [Qc 5s]
nicoz17: folds 
marietheresa007: folds 
NygaardP: raises 500 to 750
Gabrielfs13: folds 
Syltty: raises 1340 to 2090 and is all-in
PlinioFerraz: folds 
oakstair: folds 
Falcaogol: folds 
NygaardP: calls 1340
*** FLOP *** [5h 9h Tc]
*** TURN *** [5h 9h Tc] [Ts]
*** RIVER *** [5h 9h Tc Ts] [6d]
*** SHOW DOWN ***
NygaardP: shows [Th 7h] (three of a kind, Tens)
Syltty: shows [As 2s] (a pair of Tens)
NygaardP collected 4795 from pot
Syltty finished the tournament
*** SUMMARY ***
Total pot 4795 | Rake 0 
Board [5h 9h Tc Ts 6d]
Seat 1: PlinioFerraz (button) folded before Flop (didn't bet)
Seat 2: oakstair (small blind) folded before Flop
Seat 3: Falcaogol (big blind) folded before Flop
Seat 4: nicoz17 folded before Flop (didn't bet)
Seat 5: marietheresa007 folded before Flop (didn't bet)
Seat 6: NygaardP showed [Th 7h] and won (4795) with three of a kind, Tens
Seat 7: Gabrielfs13 folded before Flop (didn't bet)
Seat 8: Syltty showed [As 2s] and lost with a pair of Tens



PokerStars Hand #256960755105: Tournament #3908026616, $4.90+$4.90+$1.20 USD Hold'em No Limit - Level VIII (125/250) - 2025/07/15 17:45:05 BRT [2025/07/15 16:45:05 ET]
Table '3908026616 6' 8-max Seat #2 is the button
Seat 1: PlinioFerraz (10435 in chips) 
Seat 2: oakstair (12545 in chips) 
Seat 3: Falcaogol (16086 in chips) 
Seat 4: nicoz17 (17029 in chips) 
Seat 5: marietheresa007 (14365 in chips) 
Seat 6: NygaardP (11993 in chips) 
Seat 7: Gabrielfs13 (9306 in chips) 
PlinioFerraz: posts the ante 30
oakstair: posts the ante 30
Falcaogol: posts the ante 30
nicoz17: posts the ante 30
marietheresa007: posts the ante 30
NygaardP: posts the ante 30
Gabrielfs13: posts the ante 30
Falcaogol: posts small blind 125
nicoz17: posts big blind 250
*** HOLE CARDS ***
Dealt to Gabrielfs13 [6c 8s]
marietheresa007: folds 
NygaardP: folds 
Gabrielfs13: folds 
PlinioFerraz: folds 
oakstair: folds 
Falcaogol: calls 125
nicoz17: checks 
*** FLOP *** [2s 6s Ac]
Falcaogol: bets 250
nicoz17: calls 250
*** TURN *** [2s 6s Ac] [Qc]
Falcaogol: bets 1513
nicoz17: folds 
Uncalled bet (1513) returned to Falcaogol
Falcaogol collected 1210 from pot
Falcaogol: doesn't show hand 
*** SUMMARY ***
Total pot 1210 | Rake 0 
Board [2s 6s Ac Qc]
Seat 1: PlinioFerraz folded before Flop (didn't bet)
Seat 2: oakstair (button) folded before Flop (didn't bet)
Seat 3: Falcaogol (small blind) collected (1210)
Seat 4: nicoz17 (big blind) folded on the Turn
Seat 5: marietheresa007 folded before Flop (didn't bet)
Seat 6: NygaardP folded before Flop (didn't bet)
Seat 7: Gabrielfs13 folded before Flop (didn't bet)



PokerStars Hand #256960768855: Tournament #3908026616, $4.90+$4.90+$1.20 USD Hold'em No Limit - Level VIII (125/250) - 2025/07/15 17:45:57 BRT [2025/07/15 16:45:57 ET]
Table '3908026616 6' 8-max Seat #3 is the button
Seat 1: PlinioFerraz (10405 in chips) 
Seat 2: oakstair (12515 in chips) 
Seat 3: Falcaogol (16766 in chips) 
Seat 4: nicoz17 (16499 in chips) 
Seat 5: marietheresa007 (14335 in chips) 
Seat 6: NygaardP (11963 in chips) 
Seat 7: Gabrielfs13 (9276 in chips) 
Seat 8: Dan_robertz (10000 in chips) 
PlinioFerraz: posts the ante 30
oakstair: posts the ante 30
Falcaogol: posts the ante 30
nicoz17: posts the ante 30
marietheresa007: posts the ante 30
NygaardP: posts the ante 30
Gabrielfs13: posts the ante 30
Dan_robertz: posts the ante 30
nicoz17: posts small blind 125
marietheresa007: posts big blind 250
*** HOLE CARDS ***
Dealt to Gabrielfs13 [5d 2d]
NygaardP: raises 500 to 750
Gabrielfs13: folds 
Dan_robertz: folds 
PlinioFerraz: folds 
oakstair: folds 
Falcaogol: folds 
nicoz17: folds 
marietheresa007: calls 500
*** FLOP *** [7c 5s Th]
marietheresa007: checks 
NygaardP: checks 
*** TURN *** [7c 5s Th] [3c]
marietheresa007: bets 933
NygaardP: folds 
Uncalled bet (933) returned to marietheresa007
marietheresa007 collected 1865 from pot
marietheresa007: doesn't show hand 
*** SUMMARY ***
Total pot 1865 | Rake 0 
Board [7c 5s Th 3c]
Seat 1: PlinioFerraz folded before Flop (didn't bet)
Seat 2: oakstair folded before Flop (didn't bet)
Seat 3: Falcaogol (button) folded before Flop (didn't bet)
Seat 4: nicoz17 (small blind) folded before Flop
Seat 5: marietheresa007 (big blind) collected (1865)
Seat 6: NygaardP folded on the Turn
Seat 7: Gabrielfs13 folded before Flop (didn't bet)
Seat 8: Dan_robertz folded before Flop (didn't bet)



PokerStars Hand #256960790039: Tournament #3908026616, $4.90+$4.90+$1.20 USD Hold'em No Limit - Level VIII (125/250) - 2025/07/15 17:47:18 BRT [2025/07/15 16:47:18 ET]
Table '3908026616 6' 8-max Seat #4 is the button
Seat 1: PlinioFerraz (10375 in chips) 
Seat 2: oakstair (12485 in chips) 
Seat 3: Falcaogol (16736 in chips) 
Seat 4: nicoz17 (16344 in chips) 
Seat 5: marietheresa007 (15420 in chips) 
Seat 6: NygaardP (11183 in chips) 
Seat 7: Gabrielfs13 (9246 in chips) 
Seat 8: Dan_robertz (9970 in chips) 
PlinioFerraz: posts the ante 30
oakstair: posts the ante 30
Falcaogol: posts the ante 30
nicoz17: posts the ante 30
marietheresa007: posts the ante 30
NygaardP: posts the ante 30
Gabrielfs13: posts the ante 30
Dan_robertz: posts the ante 30
marietheresa007: posts small blind 125
NygaardP: posts big blind 250
*** HOLE CARDS ***
Dealt to Gabrielfs13 [7d 7c]
Gabrielfs13: raises 250 to 500
Dan_robertz: calls 500
PlinioFerraz: folds 
oakstair: folds 
Falcaogol: folds 
nicoz17: folds 
marietheresa007: calls 375
NygaardP: calls 250
*** FLOP *** [Ts Jd Qc]
marietheresa007: checks 
NygaardP: checks 
Gabrielfs13: checks 
Dan_robertz: checks 
*** TURN *** [Ts Jd Qc] [Kd]
marietheresa007: checks 
NygaardP: checks 
Gabrielfs13: checks 
Dan_robertz: bets 250
marietheresa007: folds 
NygaardP: folds 
Gabrielfs13: folds 
Uncalled bet (250) returned to Dan_robertz
Dan_robertz collected 2240 from pot
*** SUMMARY ***
Total pot 2240 | Rake 0 
Board [Ts Jd Qc Kd]
Seat 1: PlinioFerraz folded before Flop (didn't bet)
Seat 2: oakstair folded before Flop (didn't bet)
Seat 3: Falcaogol folded before Flop (didn't bet)
Seat 4: nicoz17 (button) folded before Flop (didn't bet)
Seat 5: marietheresa007 (small blind) folded on the Turn
Seat 6: NygaardP (big blind) folded on the Turn
Seat 7: Gabrielfs13 folded on the Turn
Seat 8: Dan_robertz collected (2240)



PokerStars Hand #256960808321: Tournament #3908026616, $4.90+$4.90+$1.20 USD Hold'em No Limit - Level VIII (125/250) - 2025/07/15 17:48:27 BRT [2025/07/15 16:48:27 ET]
Table '3908026616 6' 8-max Seat #5 is the button
Seat 1: PlinioFerraz (10345 in chips) 
Seat 2: oakstair (12455 in chips) 
Seat 3: Falcaogol (16706 in chips) 
Seat 4: nicoz17 (16314 in chips) 
Seat 5: marietheresa007 (14890 in chips) 
Seat 6: NygaardP (10653 in chips) 
Seat 7: Gabrielfs13 (8716 in chips) 
Seat 8: Dan_robertz (11680 in chips) 
PlinioFerraz: posts the ante 30
oakstair: posts the ante 30
Falcaogol: posts the ante 30
nicoz17: posts the ante 30
marietheresa007: posts the ante 30
NygaardP: posts the ante 30
Gabrielfs13: posts the ante 30
Dan_robertz: posts the ante 30
NygaardP: posts small blind 125
Gabrielfs13: posts big blind 250
*** HOLE CARDS ***
Dealt to Gabrielfs13 [Qs 5c]
Dan_robertz: calls 250
PlinioFerraz: folds 
oakstair: folds 
Falcaogol: folds 
nicoz17: folds 
marietheresa007: folds 
NygaardP: folds 
Gabrielfs13: checks 
*** FLOP *** [Ts 3s 9d]
Gabrielfs13: checks 
Dan_robertz: checks 
*** TURN *** [Ts 3s 9d] [7s]
Gabrielfs13: bets 433
Dan_robertz: raises 433 to 866
Gabrielfs13: calls 433
*** RIVER *** [Ts 3s 9d 7s] [Qd]
Gabrielfs13: checks 
Dan_robertz: bets 2000
Gabrielfs13: calls 2000
*** SHOW DOWN ***
Dan_robertz: shows [As Ah] (a pair of Aces)
Gabrielfs13: mucks hand 
Dan_robertz collected 6597 from pot
*** SUMMARY ***
Total pot 6597 | Rake 0 
Board [Ts 3s 9d 7s Qd]
Seat 1: PlinioFerraz folded before Flop (didn't bet)
Seat 2: oakstair folded before Flop (didn't bet)
Seat 3: Falcaogol folded before Flop (didn't bet)
Seat 4: nicoz17 folded before Flop (didn't bet)
Seat 5: marietheresa007 (button) folded before Flop (didn't bet)
Seat 6: NygaardP (small blind) folded before Flop
Seat 7: Gabrielfs13 (big blind) mucked [Qs 5c]
Seat 8: Dan_robertz showed [As Ah] and won (6597) with a pair of Aces



PokerStars Hand #256960833563: Tournament #3908026616, $4.90+$4.90+$1.20 USD Hold'em No Limit - Level IX (150/300) - 2025/07/15 17:50:05 BRT [2025/07/15 16:50:05 ET]
Table '3908026616 6' 8-max Seat #6 is the button
Seat 1: PlinioFerraz (10315 in chips) 
Seat 2: oakstair (12425 in chips) 
Seat 3: Falcaogol (16676 in chips) 
Seat 4: nicoz17 (16284 in chips) 
Seat 5: marietheresa007 (14860 in chips) 
Seat 6: NygaardP (10498 in chips) 
Seat 7: Gabrielfs13 (5570 in chips) 
Seat 8: Dan_robertz (15131 in chips) 
PlinioFerraz: posts the ante 40
oakstair: posts the ante 40
Falcaogol: posts the ante 40
nicoz17: posts the ante 40
marietheresa007: posts the ante 40
NygaardP: posts the ante 40
Gabrielfs13: posts the ante 40
Dan_robertz: posts the ante 40
Gabrielfs13: posts small blind 150
Dan_robertz: posts big blind 300
*** HOLE CARDS ***
Dealt to Gabrielfs13 [Ah 6d]
PlinioFerraz: folds 
oakstair: folds 
Falcaogol: raises 300 to 600
nicoz17: folds 
marietheresa007: folds 
NygaardP: folds 
Gabrielfs13: folds 
Dan_robertz: calls 300
*** FLOP *** [Kd 3c Js]
Dan_robertz: bets 600
Falcaogol: raises 1200 to 1800
Dan_robertz: calls 1200
*** TURN *** [Kd 3c Js] [9c]
Dan_robertz: checks 
Falcaogol: bets 3600
Dan_robertz: calls 3600
*** RIVER *** [Kd 3c Js 9c] [5d]
Dan_robertz: checks 
Falcaogol: bets 10636 and is all-in
Dan_robertz: calls 9091 and is all-in
Uncalled bet (1545) returned to Falcaogol
*** SHOW DOWN ***
Falcaogol: shows [Qd 8d] (high card King)
Dan_robertz: shows [Ks 2d] (a pair of Kings)
Dan_robertz collected 30652 from pot
*** SUMMARY ***
Total pot 30652 | Rake 0 
Board [Kd 3c Js 9c 5d]
Seat 1: PlinioFerraz folded before Flop (didn't bet)
Seat 2: oakstair folded before Flop (didn't bet)
Seat 3: Falcaogol showed [Qd 8d] and lost with high card King
Seat 4: nicoz17 folded before Flop (didn't bet)
Seat 5: marietheresa007 folded before Flop (didn't bet)
Seat 6: NygaardP (button) folded before Flop (didn't bet)
Seat 7: Gabrielfs13 (small blind) folded before Flop
Seat 8: Dan_robertz (big blind) showed [Ks 2d] and won (30652) with a pair of Kings



PokerStars Hand #256960871084: Tournament #3908026616, $4.90+$4.90+$1.20 USD Hold'em No Limit - Level IX (150/300) - 2025/07/15 17:52:29 BRT [2025/07/15 16:52:29 ET]
Table '3908026616 6' 8-max Seat #7 is the button
Seat 1: PlinioFerraz (10275 in chips) 
Seat 2: oakstair (12385 in chips) 
Seat 3: Falcaogol (1545 in chips) 
Seat 4: nicoz17 (16244 in chips) 
Seat 5: marietheresa007 (14820 in chips) 
Seat 6: NygaardP (10458 in chips) 
Seat 7: Gabrielfs13 (5380 in chips) 
Seat 8: Dan_robertz (30652 in chips) 
PlinioFerraz: posts the ante 40
oakstair: posts the ante 40
Falcaogol: posts the ante 40
nicoz17: posts the ante 40
marietheresa007: posts the ante 40
NygaardP: posts the ante 40
Gabrielfs13: posts the ante 40
Dan_robertz: posts the ante 40
Dan_robertz: posts small blind 150
PlinioFerraz: posts big blind 300
*** HOLE CARDS ***
Dealt to Gabrielfs13 [7d 3s]
oakstair: raises 300 to 600
Falcaogol: raises 905 to 1505 and is all-in
nicoz17: folds 
marietheresa007: calls 1505
NygaardP: folds 
Gabrielfs13: folds 
Dan_robertz: folds 
PlinioFerraz: raises 8730 to 10235 and is all-in
oakstair: folds 
marietheresa007: folds 
Uncalled bet (8730) returned to PlinioFerraz
*** FLOP *** [Kc 8s Qc]
*** TURN *** [Kc 8s Qc] [7h]
*** RIVER *** [Kc 8s Qc 7h] [Kh]
*** SHOW DOWN ***
PlinioFerraz: shows [9s 9d] (two pair, Kings and Nines)
Falcaogol: shows [4s 4c] (two pair, Kings and Fours)
PlinioFerraz collected 5585 from pot
Falcaogol finished the tournament
*** SUMMARY ***
Total pot 5585 | Rake 0 
Board [Kc 8s Qc 7h Kh]
Seat 1: PlinioFerraz (big blind) showed [9s 9d] and won (5585) with two pair, Kings and Nines
Seat 2: oakstair folded before Flop
Seat 3: Falcaogol showed [4s 4c] and lost with two pair, Kings and Fours
Seat 4: nicoz17 folded before Flop (didn't bet)
Seat 5: marietheresa007 folded before Flop
Seat 6: NygaardP folded before Flop (didn't bet)
Seat 7: Gabrielfs13 (button) folded before Flop (didn't bet)
Seat 8: Dan_robertz (small blind) folded before Flop



PokerStars Hand #256960887132: Tournament #3908026616, $4.90+$4.90+$1.20 USD Hold'em No Limit - Level IX (150/300) - 2025/07/15 17:53:30 BRT [2025/07/15 16:53:30 ET]
Table '3908026616 6' 8-max Seat #8 is the button
Seat 1: PlinioFerraz (14315 in chips) 
Seat 2: oakstair (11745 in chips) 
Seat 4: nicoz17 (16204 in chips) 
Seat 5: marietheresa007 (13275 in chips) 
Seat 6: NygaardP (10418 in chips) 
Seat 7: Gabrielfs13 (5340 in chips) 
Seat 8: Dan_robertz (30462 in chips) 
PlinioFerraz: posts the ante 40
oakstair: posts the ante 40
nicoz17: posts the ante 40
marietheresa007: posts the ante 40
NygaardP: posts the ante 40
Gabrielfs13: posts the ante 40
Dan_robertz: posts the ante 40
PlinioFerraz: posts small blind 150
oakstair: posts big blind 300
*** HOLE CARDS ***
Dealt to Gabrielfs13 [7s 9c]
samuka1983 is disconnected 
nicoz17: raises 300 to 600
marietheresa007: folds 
NygaardP: folds 
Gabrielfs13: folds 
Dan_robertz: calls 600
PlinioFerraz: folds 
oakstair: calls 300
*** FLOP *** [4d Qh Jc]
oakstair: checks 
nicoz17: checks 
Dan_robertz: bets 1200
oakstair: folds 
nicoz17: calls 1200
*** TURN *** [4d Qh Jc] [5s]
nicoz17: checks 
Dan_robertz: checks 
*** RIVER *** [4d Qh Jc 5s] [8h]
nicoz17: bets 900
Dan_robertz: raises 2700 to 3600
nicoz17: folds 
Uncalled bet (2700) returned to Dan_robertz
Dan_robertz collected 6430 from pot
*** SUMMARY ***
Total pot 6430 | Rake 0 
Board [4d Qh Jc 5s 8h]
Seat 1: PlinioFerraz (small blind) folded before Flop
Seat 2: oakstair (big blind) folded on the Flop
Seat 4: nicoz17 folded on the River
Seat 5: marietheresa007 folded before Flop (didn't bet)
Seat 6: NygaardP folded before Flop (didn't bet)
Seat 7: Gabrielfs13 folded before Flop (didn't bet)
Seat 8: Dan_robertz (button) collected (6430)



PokerStars Hand #256960909157: Tournament #3908026616, $4.90+$4.90+$1.20 USD Hold'em No Limit - Level IX (150/300) - 2025/07/15 17:54:55 BRT [2025/07/15 16:54:55 ET]
Table '3908026616 6' 8-max Seat #1 is the button
Seat 1: PlinioFerraz (14125 in chips) 
Seat 2: oakstair (11105 in chips) 
Seat 3: samuka1983 (10000 in chips) 
Seat 4: nicoz17 (13464 in chips) 
Seat 5: marietheresa007 (13235 in chips) 
Seat 6: NygaardP (10378 in chips) 
Seat 7: Gabrielfs13 (5300 in chips) 
Seat 8: Dan_robertz (34152 in chips) 
PlinioFerraz: posts the ante 40
oakstair: posts the ante 40
samuka1983: posts the ante 40
nicoz17: posts the ante 40
marietheresa007: posts the ante 40
NygaardP: posts the ante 40
Gabrielfs13: posts the ante 40
Dan_robertz: posts the ante 40
oakstair: posts small blind 150
samuka1983: posts big blind 300
*** HOLE CARDS ***
Dealt to Gabrielfs13 [Qd Jc]
nicoz17: folds 
marietheresa007: folds 
NygaardP: folds 
Gabrielfs13: raises 300 to 600
Dan_robertz: calls 600
PlinioFerraz: folds 
oakstair: folds 
samuka1983: raises 9360 to 9960 and is all-in
Gabrielfs13: folds 
Dan_robertz: folds 
Uncalled bet (9360) returned to samuka1983
samuka1983 collected 2270 from pot
samuka1983: doesn't show hand 
*** SUMMARY ***
Total pot 2270 | Rake 0 
Seat 1: PlinioFerraz (button) folded before Flop (didn't bet)
Seat 2: oakstair (small blind) folded before Flop
Seat 3: samuka1983 (big blind) collected (2270)
Seat 4: nicoz17 folded before Flop (didn't bet)
Seat 5: marietheresa007 folded before Flop (didn't bet)
Seat 6: NygaardP folded before Flop (didn't bet)
Seat 7: Gabrielfs13 folded before Flop
Seat 8: Dan_robertz folded before Flop



PokerStars Hand #256960993644: Tournament #3908026616, $4.90+$4.90+$1.20 USD Hold'em No Limit - Level IX (150/300) - 2025/07/15 18:02:16 BRT [2025/07/15 17:02:16 ET]
Table '3908026616 6' 8-max Seat #3 is the button
Seat 1: Beloki86 (10000 in chips) 
Seat 3: samuka1983 (11630 in chips) 
Seat 4: nicoz17 (13424 in chips) 
Seat 5: marietheresa007 (13195 in chips) 
Seat 6: NygaardP (10338 in chips) 
Seat 7: Gabrielfs13 (4660 in chips) 
Seat 8: Dan_robertz (33512 in chips) 
Beloki86: posts the ante 40
samuka1983: posts the ante 40
nicoz17: posts the ante 40
marietheresa007: posts the ante 40
NygaardP: posts the ante 40
Gabrielfs13: posts the ante 40
Dan_robertz: posts the ante 40
nicoz17: posts small blind 150
marietheresa007: posts big blind 300
*** HOLE CARDS ***
Dealt to Gabrielfs13 [3h 8c]
NygaardP: folds 
Gabrielfs13: folds 
Dan_robertz: folds 
Beloki86: raises 390 to 690
samuka1983: folds 
nicoz17: folds 
marietheresa007: raises 1810 to 2500
Beloki86: folds 
Uncalled bet (1810) returned to marietheresa007
marietheresa007 collected 1810 from pot
marietheresa007: doesn't show hand 
*** SUMMARY ***
Total pot 1810 | Rake 0 
Seat 1: Beloki86 folded before Flop
Seat 3: samuka1983 (button) folded before Flop (didn't bet)
Seat 4: nicoz17 (small blind) folded before Flop
Seat 5: marietheresa007 (big blind) collected (1810)
Seat 6: NygaardP folded before Flop (didn't bet)
Seat 7: Gabrielfs13 folded before Flop (didn't bet)
Seat 8: Dan_robertz folded before Flop (didn't bet)



PokerStars Hand #256961014460: Tournament #3908026616, $4.90+$4.90+$1.20 USD Hold'em No Limit - Level X (200/400) - 2025/07/15 18:03:38 BRT [2025/07/15 17:03:38 ET]
Table '3908026616 6' 8-max Seat #4 is the button
Seat 1: Beloki86 (9270 in chips) 
Seat 2: AAriccioKK (10000 in chips) 
Seat 3: samuka1983 (11590 in chips) 
Seat 4: nicoz17 (13234 in chips) 
Seat 5: marietheresa007 (14275 in chips) 
Seat 6: NygaardP (10298 in chips) 
Seat 7: Gabrielfs13 (4620 in chips) 
Seat 8: Dan_robertz (33472 in chips) 
Beloki86: posts the ante 50
AAriccioKK: posts the ante 50
samuka1983: posts the ante 50
nicoz17: posts the ante 50
marietheresa007: posts the ante 50
NygaardP: posts the ante 50
Gabrielfs13: posts the ante 50
Dan_robertz: posts the ante 50
marietheresa007: posts small blind 200
NygaardP: posts big blind 400
*** HOLE CARDS ***
Dealt to Gabrielfs13 [6c 7h]
Gabrielfs13: folds 
Dan_robertz: calls 400
Beloki86: folds 
AAriccioKK: folds 
samuka1983: folds 
nicoz17 has timed out
nicoz17: folds 
nicoz17 is sitting out
marietheresa007: raises 1600 to 2000
NygaardP: folds 
Dan_robertz: calls 1600
*** FLOP *** [3h Th 2h]
marietheresa007: checks 
Dan_robertz: checks 
*** TURN *** [3h Th 2h] [8d]
marietheresa007: bets 2400
Dan_robertz: folds 
Uncalled bet (2400) returned to marietheresa007
marietheresa007 collected 4800 from pot
marietheresa007: doesn't show hand 
*** SUMMARY ***
Total pot 4800 | Rake 0 
Board [3h Th 2h 8d]
Seat 1: Beloki86 folded before Flop (didn't bet)
Seat 2: AAriccioKK folded before Flop (didn't bet)
Seat 3: samuka1983 folded before Flop (didn't bet)
Seat 4: nicoz17 (button) folded before Flop (didn't bet)
Seat 5: marietheresa007 (small blind) collected (4800)
Seat 6: NygaardP (big blind) folded before Flop
Seat 7: Gabrielfs13 folded before Flop (didn't bet)
Seat 8: Dan_robertz folded on the Turn



PokerStars Hand #256961032627: Tournament #3908026616, $4.90+$4.90+$1.20 USD Hold'em No Limit - Level X (200/400) - 2025/07/15 18:04:49 BRT [2025/07/15 17:04:49 ET]
Table '3908026616 6' 8-max Seat #5 is the button
Seat 1: Beloki86 (9220 in chips) 
Seat 2: AAriccioKK (9950 in chips) 
Seat 3: samuka1983 (11540 in chips) 
Seat 4: nicoz17 (13184 in chips) is sitting out
Seat 5: marietheresa007 (17025 in chips) 
Seat 6: NygaardP (9848 in chips) 
Seat 7: Gabrielfs13 (4570 in chips) 
Seat 8: Dan_robertz (31422 in chips) 
Beloki86: posts the ante 50
AAriccioKK: posts the ante 50
samuka1983: posts the ante 50
nicoz17: posts the ante 50
marietheresa007: posts the ante 50
NygaardP: posts the ante 50
Gabrielfs13: posts the ante 50
Dan_robertz: posts the ante 50
NygaardP: posts small blind 200
Gabrielfs13: posts big blind 400
*** HOLE CARDS ***
Dealt to Gabrielfs13 [Tc 7s]
nicoz17 has returned
Dan_robertz: folds 
Beloki86: folds 
AAriccioKK: raises 400 to 800
samuka1983: folds 
nicoz17: raises 1200 to 2000
marietheresa007: folds 
NygaardP: folds 
Gabrielfs13: folds 
AAriccioKK: calls 1200
*** FLOP *** [5s 4c Kc]
AAriccioKK: checks 
nicoz17: bets 1600
AAriccioKK: folds 
Uncalled bet (1600) returned to nicoz17
nicoz17 collected 5000 from pot
nicoz17: doesn't show hand 
*** SUMMARY ***
Total pot 5000 | Rake 0 
Board [5s 4c Kc]
Seat 1: Beloki86 folded before Flop (didn't bet)
Seat 2: AAriccioKK folded on the Flop
Seat 3: samuka1983 folded before Flop (didn't bet)
Seat 4: nicoz17 collected (5000)
Seat 5: marietheresa007 (button) folded before Flop (didn't bet)
Seat 6: NygaardP (small blind) folded before Flop
Seat 7: Gabrielfs13 (big blind) folded before Flop
Seat 8: Dan_robertz folded before Flop (didn't bet)



PokerStars Hand #256961043071: Tournament #3908026616, $4.90+$4.90+$1.20 USD Hold'em No Limit - Level X (200/400) - 2025/07/15 18:05:30 BRT [2025/07/15 17:05:30 ET]
Table '3908026616 6' 8-max Seat #6 is the button
Seat 1: Beloki86 (9170 in chips) 
Seat 2: AAriccioKK (7900 in chips) 
Seat 3: samuka1983 (11490 in chips) 
Seat 4: nicoz17 (16134 in chips) 
Seat 5: marietheresa007 (16975 in chips) 
Seat 6: NygaardP (9598 in chips) 
Seat 7: Gabrielfs13 (4120 in chips) 
Seat 8: Dan_robertz (31372 in chips) 
Beloki86: posts the ante 50
AAriccioKK: posts the ante 50
samuka1983: posts the ante 50
nicoz17: posts the ante 50
marietheresa007: posts the ante 50
NygaardP: posts the ante 50
Gabrielfs13: posts the ante 50
Dan_robertz: posts the ante 50
Gabrielfs13: posts small blind 200
Dan_robertz: posts big blind 400
*** HOLE CARDS ***
Dealt to Gabrielfs13 [7s 5d]
Beloki86: folds 
AAriccioKK: folds 
samuka1983: folds 
nicoz17: folds 
marietheresa007: calls 400
NygaardP: folds 
Gabrielfs13: folds 
Dan_robertz: raises 800 to 1200
marietheresa007: folds 
Uncalled bet (800) returned to Dan_robertz
Dan_robertz collected 1400 from pot
*** SUMMARY ***
Total pot 1400 | Rake 0 
Seat 1: Beloki86 folded before Flop (didn't bet)
Seat 2: AAriccioKK folded before Flop (didn't bet)
Seat 3: samuka1983 folded before Flop (didn't bet)
Seat 4: nicoz17 folded before Flop (didn't bet)
Seat 5: marietheresa007 folded before Flop
Seat 6: NygaardP (button) folded before Flop (didn't bet)
Seat 7: Gabrielfs13 (small blind) folded before Flop
Seat 8: Dan_robertz (big blind) collected (1400)



PokerStars Hand #256961053297: Tournament #3908026616, $4.90+$4.90+$1.20 USD Hold'em No Limit - Level X (200/400) - 2025/07/15 18:06:09 BRT [2025/07/15 17:06:09 ET]
Table '3908026616 6' 8-max Seat #7 is the button
Seat 1: Beloki86 (9120 in chips) 
Seat 2: AAriccioKK (7850 in chips) 
Seat 3: samuka1983 (11440 in chips) 
Seat 4: nicoz17 (16084 in chips) 
Seat 5: marietheresa007 (16525 in chips) 
Seat 6: NygaardP (9548 in chips) 
Seat 7: Gabrielfs13 (3870 in chips) 
Seat 8: Dan_robertz (32322 in chips) 
Beloki86: posts the ante 50
AAriccioKK: posts the ante 50
samuka1983: posts the ante 50
nicoz17: posts the ante 50
marietheresa007: posts the ante 50
NygaardP: posts the ante 50
Gabrielfs13: posts the ante 50
Dan_robertz: posts the ante 50
Dan_robertz: posts small blind 200
Beloki86: posts big blind 400
*** HOLE CARDS ***
Dealt to Gabrielfs13 [2h Qd]
AAriccioKK: folds 
samuka1983: folds 
AAriccioKK is disconnected 
nicoz17: folds 
marietheresa007: raises 400 to 800
NygaardP: folds 
Gabrielfs13: folds 
Dan_robertz: calls 600
Beloki86: raises 8270 to 9070 and is all-in
marietheresa007: folds 
Dan_robertz: folds 
Uncalled bet (8270) returned to Beloki86
Beloki86 collected 2800 from pot
Beloki86: doesn't show hand 
*** SUMMARY ***
Total pot 2800 | Rake 0 
Seat 1: Beloki86 (big blind) collected (2800)
Seat 2: AAriccioKK folded before Flop (didn't bet)
Seat 3: samuka1983 folded before Flop (didn't bet)
Seat 4: nicoz17 folded before Flop (didn't bet)
Seat 5: marietheresa007 folded before Flop
Seat 6: NygaardP folded before Flop (didn't bet)
Seat 7: Gabrielfs13 (button) folded before Flop (didn't bet)
Seat 8: Dan_robertz (small blind) folded before Flop



PokerStars Hand #256961067750: Tournament #3908026616, $4.90+$4.90+$1.20 USD Hold'em No Limit - Level X (200/400) - 2025/07/15 18:07:05 BRT [2025/07/15 17:07:05 ET]
Table '3908026616 6' 8-max Seat #8 is the button
Seat 2: AAriccioKK (7800 in chips) 
Seat 3: samuka1983 (11390 in chips) 
Seat 4: nicoz17 (16034 in chips) 
Seat 5: marietheresa007 (15675 in chips) 
Seat 6: NygaardP (9498 in chips) 
Seat 7: Gabrielfs13 (3820 in chips) 
Seat 8: Dan_robertz (31472 in chips) 
AAriccioKK: posts the ante 50
samuka1983: posts the ante 50
nicoz17: posts the ante 50
marietheresa007: posts the ante 50
NygaardP: posts the ante 50
Gabrielfs13: posts the ante 50
Dan_robertz: posts the ante 50
AAriccioKK: posts small blind 200
samuka1983: posts big blind 400
*** HOLE CARDS ***
Dealt to Gabrielfs13 [5d Ts]
nicoz17 has timed out
nicoz17: folds 
nicoz17 is sitting out
marietheresa007: folds 
11SPIN is disconnected 
nicoz17 has returned
NygaardP: raises 800 to 1200
Gabrielfs13: folds 
Dan_robertz: folds 
AAriccioKK: raises 6550 to 7750 and is all-in
samuka1983: folds 
NygaardP: folds 
Uncalled bet (6550) returned to AAriccioKK
AAriccioKK collected 3150 from pot
*** SUMMARY ***
Total pot 3150 | Rake 0 
Seat 2: AAriccioKK (small blind) collected (3150)
Seat 3: samuka1983 (big blind) folded before Flop
Seat 4: nicoz17 folded before Flop (didn't bet)
Seat 5: marietheresa007 folded before Flop (didn't bet)
Seat 6: NygaardP folded before Flop
Seat 7: Gabrielfs13 folded before Flop (didn't bet)
Seat 8: Dan_robertz (button) folded before Flop (didn't bet)



PokerStars Hand #256961081331: Tournament #3908026616, $4.90+$4.90+$1.20 USD Hold'em No Limit - Level X (200/400) - 2025/07/15 18:07:58 BRT [2025/07/15 17:07:58 ET]
Table '3908026616 6' 8-max Seat #2 is the button
Seat 1: 11SPIN (10000 in chips) 
Seat 2: AAriccioKK (9700 in chips) 
Seat 3: samuka1983 (10940 in chips) 
Seat 4: nicoz17 (15984 in chips) 
Seat 5: marietheresa007 (15625 in chips) 
Seat 6: NygaardP (8248 in chips) 
Seat 7: Gabrielfs13 (3770 in chips) 
Seat 8: Dan_robertz (31422 in chips) 
11SPIN: posts the ante 50
AAriccioKK: posts the ante 50
samuka1983: posts the ante 50
nicoz17: posts the ante 50
marietheresa007: posts the ante 50
NygaardP: posts the ante 50
Gabrielfs13: posts the ante 50
Dan_robertz: posts the ante 50
samuka1983: posts small blind 200
nicoz17: posts big blind 400
*** HOLE CARDS ***
Dealt to Gabrielfs13 [5c 6d]
marietheresa007: raises 15175 to 15575 and is all-in
NygaardP: folds 
Gabrielfs13: folds 
Dan_robertz: folds 
11SPIN: folds 
AAriccioKK: folds 
samuka1983: folds 
nicoz17: folds 
Uncalled bet (15175) returned to marietheresa007
marietheresa007 collected 1400 from pot
marietheresa007: doesn't show hand 
*** SUMMARY ***
Total pot 1400 | Rake 0 
Seat 1: 11SPIN folded before Flop (didn't bet)
Seat 2: AAriccioKK (button) folded before Flop (didn't bet)
Seat 3: samuka1983 (small blind) folded before Flop
Seat 4: nicoz17 (big blind) folded before Flop
Seat 5: marietheresa007 collected (1400)
Seat 6: NygaardP folded before Flop (didn't bet)
Seat 7: Gabrielfs13 folded before Flop (didn't bet)
Seat 8: Dan_robertz folded before Flop (didn't bet)



PokerStars Hand #256961090229: Tournament #3908026616, $4.90+$4.90+$1.20 USD Hold'em No Limit - Level X (200/400) - 2025/07/15 18:08:33 BRT [2025/07/15 17:08:33 ET]
Table '3908026616 6' 8-max Seat #3 is the button
Seat 1: 11SPIN (9950 in chips) 
Seat 2: AAriccioKK (9650 in chips) 
Seat 3: samuka1983 (10690 in chips) 
Seat 4: nicoz17 (15534 in chips) 
Seat 5: marietheresa007 (16575 in chips) 
Seat 6: NygaardP (8198 in chips) 
Seat 7: Gabrielfs13 (3720 in chips) 
Seat 8: Dan_robertz (31372 in chips) 
11SPIN: posts the ante 50
AAriccioKK: posts the ante 50
samuka1983: posts the ante 50
nicoz17: posts the ante 50
marietheresa007: posts the ante 50
NygaardP: posts the ante 50
Gabrielfs13: posts the ante 50
Dan_robertz: posts the ante 50
nicoz17: posts small blind 200
marietheresa007: posts big blind 400
*** HOLE CARDS ***
Dealt to Gabrielfs13 [4h 9h]
NygaardP: folds 
Gabrielfs13: folds 
Dan_robertz: folds 
11SPIN: raises 400 to 800
AAriccioKK: raises 1200 to 2000
samuka1983: folds 
nicoz17: folds 
marietheresa007: folds 
11SPIN: calls 1200
*** FLOP *** [4c Tc Jh]
11SPIN: checks 
AAriccioKK: checks 
*** TURN *** [4c Tc Jh] [8h]
11SPIN: checks 
AAriccioKK: checks 
*** RIVER *** [4c Tc Jh 8h] [9s]
11SPIN: checks 
AAriccioKK: bets 2100
11SPIN: calls 2100
*** SHOW DOWN ***
AAriccioKK: shows [Ks Ad] (high card Ace)
11SPIN: shows [Td 9d] (two pair, Tens and Nines)
11SPIN collected 9200 from pot
*** SUMMARY ***
Total pot 9200 | Rake 0 
Board [4c Tc Jh 8h 9s]
Seat 1: 11SPIN showed [Td 9d] and won (9200) with two pair, Tens and Nines
Seat 2: AAriccioKK showed [Ks Ad] and lost with high card Ace
Seat 3: samuka1983 (button) folded before Flop (didn't bet)
Seat 4: nicoz17 (small blind) folded before Flop
Seat 5: marietheresa007 (big blind) folded before Flop
Seat 6: NygaardP folded before Flop (didn't bet)
Seat 7: Gabrielfs13 folded before Flop (didn't bet)
Seat 8: Dan_robertz folded before Flop (didn't bet)



PokerStars Hand #256961107199: Tournament #3908026616, $4.90+$4.90+$1.20 USD Hold'em No Limit - Level XI (250/500) - 2025/07/15 18:09:39 BRT [2025/07/15 17:09:39 ET]
Table '3908026616 6' 8-max Seat #4 is the button
Seat 1: 11SPIN (15000 in chips) 
Seat 2: AAriccioKK (5500 in chips) 
Seat 3: samuka1983 (10640 in chips) 
Seat 4: nicoz17 (15284 in chips) 
Seat 5: marietheresa007 (16125 in chips) 
Seat 6: NygaardP (8148 in chips) 
Seat 7: Gabrielfs13 (3670 in chips) 
Seat 8: Dan_robertz (31322 in chips) 
11SPIN: posts the ante 60
AAriccioKK: posts the ante 60
samuka1983: posts the ante 60
nicoz17: posts the ante 60
marietheresa007: posts the ante 60
NygaardP: posts the ante 60
Gabrielfs13: posts the ante 60
Dan_robertz: posts the ante 60
marietheresa007: posts small blind 250
NygaardP: posts big blind 500
*** HOLE CARDS ***
Dealt to Gabrielfs13 [5s 6d]
Dan_robertz is disconnected 
Gabrielfs13: folds 
Dan_robertz is connected 
Dan_robertz is disconnected 
Dan_robertz is connected 
Dan_robertz: calls 500
11SPIN: calls 500
AAriccioKK: folds 
samuka1983: folds 
nicoz17: folds 
marietheresa007: folds 
NygaardP: checks 
*** FLOP *** [3h Jc 3d]
NygaardP: checks 
Dan_robertz: bets 1500
11SPIN: folds 
NygaardP: folds 
Uncalled bet (1500) returned to Dan_robertz
Dan_robertz collected 2230 from pot
*** SUMMARY ***
Total pot 2230 | Rake 0 
Board [3h Jc 3d]
Seat 1: 11SPIN folded on the Flop
Seat 2: AAriccioKK folded before Flop (didn't bet)
Seat 3: samuka1983 folded before Flop (didn't bet)
Seat 4: nicoz17 (button) folded before Flop (didn't bet)
Seat 5: marietheresa007 (small blind) folded before Flop
Seat 6: NygaardP (big blind) folded on the Flop
Seat 7: Gabrielfs13 folded before Flop (didn't bet)
Seat 8: Dan_robertz collected (2230)



PokerStars Hand #256961124152: Tournament #3908026616, $4.90+$4.90+$1.20 USD Hold'em No Limit - Level XI (250/500) - 2025/07/15 18:10:45 BRT [2025/07/15 17:10:45 ET]
Table '3908026616 6' 8-max Seat #5 is the button
Seat 1: 11SPIN (14440 in chips) 
Seat 2: AAriccioKK (5440 in chips) 
Seat 3: samuka1983 (10580 in chips) 
Seat 4: nicoz17 (15224 in chips) 
Seat 5: marietheresa007 (15815 in chips) 
Seat 6: NygaardP (7588 in chips) 
Seat 7: Gabrielfs13 (3610 in chips) 
Seat 8: Dan_robertz (32992 in chips) 
11SPIN: posts the ante 60
AAriccioKK: posts the ante 60
samuka1983: posts the ante 60
nicoz17: posts the ante 60
marietheresa007: posts the ante 60
NygaardP: posts the ante 60
Gabrielfs13: posts the ante 60
Dan_robertz: posts the ante 60
NygaardP: posts small blind 250
Gabrielfs13: posts big blind 500
*** HOLE CARDS ***
Dealt to Gabrielfs13 [2h Kh]
Dan_robertz: calls 500
11SPIN: folds 
AAriccioKK: calls 500
samuka1983: folds 
nicoz17: folds 
marietheresa007: calls 500
NygaardP: folds 
Gabrielfs13: checks 
*** FLOP *** [9c 6c 8d]
Gabrielfs13: checks 
Dan_robertz: checks 
AAriccioKK: checks 
marietheresa007: bets 1365
Gabrielfs13: folds 
Dan_robertz: folds 
AAriccioKK: folds 
Uncalled bet (1365) returned to marietheresa007
marietheresa007 collected 2730 from pot
marietheresa007: doesn't show hand 
*** SUMMARY ***
Total pot 2730 | Rake 0 
Board [9c 6c 8d]
Seat 1: 11SPIN folded before Flop (didn't bet)
Seat 2: AAriccioKK folded on the Flop
Seat 3: samuka1983 folded before Flop (didn't bet)
Seat 4: nicoz17 folded before Flop (didn't bet)
Seat 5: marietheresa007 (button) collected (2730)
Seat 6: NygaardP (small blind) folded before Flop
Seat 7: Gabrielfs13 (big blind) folded on the Flop
Seat 8: Dan_robertz folded on the Flop



PokerStars Hand #256961148254: Tournament #3908026616, $4.90+$4.90+$1.20 USD Hold'em No Limit - Level XI (250/500) - 2025/07/15 18:12:20 BRT [2025/07/15 17:12:20 ET]
Table '3908026616 6' 8-max Seat #6 is the button
Seat 1: 11SPIN (14380 in chips) 
Seat 2: AAriccioKK (4880 in chips) 
Seat 3: samuka1983 (10520 in chips) 
Seat 4: nicoz17 (15164 in chips) 
Seat 5: marietheresa007 (17985 in chips) 
Seat 6: NygaardP (7278 in chips) 
Seat 7: Gabrielfs13 (3050 in chips) 
Seat 8: Dan_robertz (32432 in chips) 
11SPIN: posts the ante 60
AAriccioKK: posts the ante 60
samuka1983: posts the ante 60
nicoz17: posts the ante 60
marietheresa007: posts the ante 60
NygaardP: posts the ante 60
Gabrielfs13: posts the ante 60
Dan_robertz: posts the ante 60
Gabrielfs13: posts small blind 250
Dan_robertz: posts big blind 500
*** HOLE CARDS ***
Dealt to Gabrielfs13 [6d Kd]
11SPIN: folds 
AAriccioKK: folds 
samuka1983: folds 
nicoz17: folds 
marietheresa007: raises 500 to 1000
NygaardP: folds 
Gabrielfs13: raises 1990 to 2990 and is all-in
Dan_robertz: folds 
marietheresa007: calls 1990
*** FLOP *** [5s Th 3c]
*** TURN *** [5s Th 3c] [Qs]
*** RIVER *** [5s Th 3c Qs] [Js]
*** SHOW DOWN ***
Gabrielfs13: shows [6d Kd] (high card King)
marietheresa007: shows [9s Kh] (a straight, Nine to King)
marietheresa007 collected 6960 from pot
Gabrielfs13 finished the tournament
*** SUMMARY ***
Total pot 6960 | Rake 0 
Board [5s Th 3c Qs Js]
Seat 1: 11SPIN folded before Flop (didn't bet)
Seat 2: AAriccioKK folded before Flop (didn't bet)
Seat 3: samuka1983 folded before Flop (didn't bet)
Seat 4: nicoz17 folded before Flop (didn't bet)
Seat 5: marietheresa007 showed [9s Kh] and won (6960) with a straight, Nine to King
Seat 6: NygaardP (button) folded before Flop (didn't bet)
Seat 7: Gabrielfs13 (small blind) showed [6d Kd] and lost with high card King
Seat 8: Dan_robertz (big blind) folded before Flop



