Game Hand #2017383391 - Tournament #31137116 - Holdem (No Limit) - Level 17 (2000.00/4000.00)- 2024/02/04 20:08:45 UTC
Table '193' 8-max Seat #2 is the button
Seat 1: aznxbandit (66800.00)
Seat 2: SweetPoison (42500.00)
Seat 3: NaoConversoComDuro (57648.00)
Seat 4: lipesticky (61850.00)
Seat 5: SPIDER2907 (32200.00)
Seat 6: CrackingAAces (48950.00)
Seat 7: Dollar Signs (26600.00)
Seat 8: Baltrozzz (107800.00)
aznxbandit posts ante 500.00
SweetPoison posts ante 500.00
NaoConversoComDuro posts ante 500.00
lipesticky posts ante 500.00
SPIDER2907 posts ante 500.00
CrackingAAces posts ante 500.00
Dollar Signs posts ante 500.00
Baltrozzz posts ante 500.00
NaoConversoComDuro posts the small blind 2000.00
lipesticky posts the big blind 4000.00
*** HOLE CARDS ***
Main pot 4000.00
Dealt to lipesticky [9h Ks]
SPIDER2907 folds
CrackingAAces folds
Dollar Signs folds
Baltrozzz folds
aznxbandit folds
SweetPoison raises 42000.00 to 42000.00 and is all-in
NaoConversoComDuro folds
lipesticky calls 38000.00
*** FLOP *** [2s 3s 8s]
Main pot 90000.00
*** TURN *** [2s 3s 8s] [6d]
Main pot 90000.00
*** RIVER *** [2s 3s 8s 6d] [As]
Main pot 90000.00
*** SHOW DOWN ***
Main pot 90000.00
SweetPoison shows [Ad 4s] (a flush, Ace high [As 8s 4s 3s 2s])
lipesticky shows [9h Ks] (a flush, Ace high [As Ks 8s 3s 2s])
lipesticky collected 90000.00 from main pot
*** SUMMARY ***
Total pot 90000.00
Board [2s 3s 8s 6d As]
Seat 1: aznxbandit folded on the Pre-Flop and did not bet
Seat 2: SweetPoison (button) showed [Ad 4s] and lost with a flush, Ace high [As 8s 4s 3s 2s]
Seat 3: NaoConversoComDuro (small blind) folded on the Pre-Flop
Seat 4: lipesticky (big blind) showed [9h Ks] and won 90000.00 with a flush, Ace high [As Ks 8s 3s 2s]
Seat 5: SPIDER2907 folded on the Pre-Flop and did not bet
Seat 6: CrackingAAces folded on the Pre-Flop and did not bet
Seat 7: Dollar Signs folded on the Pre-Flop and did not bet
Seat 8: Baltrozzz folded on the Pre-Flop and did not bet

Game Hand #2017385527 - Tournament #31137116 - Holdem (No Limit) - Level 17 (2000.00/4000.00)- 2024/02/04 20:09:46 UTC
Table '193' 8-max Seat #3 is the button
Seat 1: aznxbandit (66300.00)
Seat 3: NaoConversoComDuro (55148.00)
Seat 4: lipesticky (109350.00)
Seat 5: SPIDER2907 (31700.00)
Seat 6: CrackingAAces (48450.00)
Seat 7: Dollar Signs (26100.00)
Seat 8: Baltrozzz (107300.00)
aznxbandit posts ante 500.00
NaoConversoComDuro posts ante 500.00
lipesticky posts ante 500.00
SPIDER2907 posts ante 500.00
CrackingAAces posts ante 500.00
Dollar Signs posts ante 500.00
Baltrozzz posts ante 500.00
lipesticky posts the small blind 2000.00
SPIDER2907 posts the big blind 4000.00
*** HOLE CARDS ***
Main pot 3500.00
Dealt to lipesticky [9d 8c]
CrackingAAces raises 8000.00 to 8000.00
Dollar Signs folds
Baltrozzz folds
aznxbandit folds
NaoConversoComDuro folds
lipesticky folds
SPIDER2907 folds
Uncalled bet (4000.00) returned to CrackingAAces
CrackingAAces does not show
*** SUMMARY ***
Total pot 13500.00
Seat 1: aznxbandit folded on the Pre-Flop and did not bet
Seat 3: NaoConversoComDuro (button) folded on the Pre-Flop
Seat 4: lipesticky (small blind) folded on the Pre-Flop
Seat 5: SPIDER2907 (big blind) folded on the Pre-Flop
Seat 6: CrackingAAces did not show and won 13500.00
Seat 7: Dollar Signs folded on the Pre-Flop and did not bet
Seat 8: Baltrozzz folded on the Pre-Flop and did not bet

Game Hand #2017386683 - Tournament #31137116 - Holdem (No Limit) - Level 17 (2000.00/4000.00)- 2024/02/04 20:10:20 UTC
Table '193' 8-max Seat #4 is the button
Seat 1: aznxbandit (65800.00)
Seat 2: RubenElBoss25 (199755.00)
Seat 3: NaoConversoComDuro (54648.00)
Seat 4: lipesticky (106850.00)
Seat 5: SPIDER2907 (27200.00)
Seat 6: CrackingAAces (57450.00)
Seat 7: Dollar Signs (25600.00)
Seat 8: Baltrozzz (106800.00)
aznxbandit posts ante 500.00
RubenElBoss25 posts ante 500.00
NaoConversoComDuro posts ante 500.00
lipesticky posts ante 500.00
SPIDER2907 posts ante 500.00
CrackingAAces posts ante 500.00
Dollar Signs posts ante 500.00
Baltrozzz posts ante 500.00
SPIDER2907 posts the small blind 2000.00
CrackingAAces posts the big blind 4000.00
*** HOLE CARDS ***
Main pot 4000.00
Dealt to lipesticky [3s 7s]
Dollar Signs raises 25100.00 to 25100.00 and is all-in
Baltrozzz folds
aznxbandit folds
RubenElBoss25 folds
NaoConversoComDuro folds
lipesticky folds
SPIDER2907 folds
CrackingAAces folds
Uncalled bet (21100.00) returned to Dollar Signs
Dollar Signs does not show
*** SUMMARY ***
Total pot 14000.00
Seat 1: aznxbandit folded on the Pre-Flop and did not bet
Seat 2: RubenElBoss25 folded on the Pre-Flop and did not bet
Seat 3: NaoConversoComDuro folded on the Pre-Flop and did not bet
Seat 4: lipesticky (button) folded on the Pre-Flop
Seat 5: SPIDER2907 (small blind) folded on the Pre-Flop
Seat 6: CrackingAAces (big blind) folded on the Pre-Flop
Seat 7: Dollar Signs did not show and won 14000.00
Seat 8: Baltrozzz folded on the Pre-Flop and did not bet

Game Hand #2017387534 - Tournament #31137116 - Holdem (No Limit) - Level 17 (2000.00/4000.00)- 2024/02/04 20:10:43 UTC
Table '193' 8-max Seat #5 is the button
Seat 1: aznxbandit (65300.00)
Seat 2: RubenElBoss25 (199255.00)
Seat 3: NaoConversoComDuro (54148.00)
Seat 4: lipesticky (106350.00)
Seat 5: SPIDER2907 (24700.00)
Seat 6: CrackingAAces (52950.00)
Seat 7: Dollar Signs (35100.00)
Seat 8: Baltrozzz (106300.00)
aznxbandit posts ante 500.00
RubenElBoss25 posts ante 500.00
NaoConversoComDuro posts ante 500.00
lipesticky posts ante 500.00
SPIDER2907 posts ante 500.00
CrackingAAces posts ante 500.00
Dollar Signs posts ante 500.00
Baltrozzz posts ante 500.00
CrackingAAces posts the small blind 2000.00
Dollar Signs posts the big blind 4000.00
*** HOLE CARDS ***
Main pot 4000.00
Dealt to lipesticky [Jc 4c]
Baltrozzz folds
aznxbandit folds
RubenElBoss25 raises 8000.00 to 8000.00
NaoConversoComDuro raises 12000.00 to 12000.00
lipesticky folds
SPIDER2907 folds
CrackingAAces folds
Dollar Signs folds
RubenElBoss25 calls 4000.00
*** FLOP *** [As 2d 4s]
Main pot 34000.00
RubenElBoss25 checks
NaoConversoComDuro bets 11220.00
RubenElBoss25 folds
Uncalled bet (11220.00) returned to NaoConversoComDuro
NaoConversoComDuro does not show
*** SUMMARY ***
Total pot 34000.00
Board [As 2d 4s]
Seat 1: aznxbandit folded on the Pre-Flop and did not bet
Seat 2: RubenElBoss25 folded on the Flop
Seat 3: NaoConversoComDuro did not show and won 34000.00
Seat 4: lipesticky folded on the Pre-Flop and did not bet
Seat 5: SPIDER2907 (button) folded on the Pre-Flop
Seat 6: CrackingAAces (small blind) folded on the Pre-Flop
Seat 7: Dollar Signs (big blind) folded on the Pre-Flop
Seat 8: Baltrozzz folded on the Pre-Flop and did not bet

Game Hand #2017390125 - Tournament #31137116 - Holdem (No Limit) - Level 17 (2000.00/4000.00)- 2024/02/04 20:11:57 UTC
Table '193' 8-max Seat #6 is the button
Seat 1: aznxbandit (64800.00)
Seat 2: RubenElBoss25 (186755.00)
Seat 3: NaoConversoComDuro (75648.00)
Seat 4: lipesticky (105850.00)
Seat 5: SPIDER2907 (24200.00)
Seat 6: CrackingAAces (50450.00)
Seat 7: Dollar Signs (30600.00)
Seat 8: Baltrozzz (105800.00)
aznxbandit posts ante 500.00
RubenElBoss25 posts ante 500.00
NaoConversoComDuro posts ante 500.00
lipesticky posts ante 500.00
SPIDER2907 posts ante 500.00
CrackingAAces posts ante 500.00
Dollar Signs posts ante 500.00
Baltrozzz posts ante 500.00
Dollar Signs posts the small blind 2000.00
Baltrozzz posts the big blind 4000.00
*** HOLE CARDS ***
Main pot 4000.00
Dealt to lipesticky [3d 7c]
aznxbandit raises 8000.00 to 8000.00
RubenElBoss25 folds
NaoConversoComDuro folds
lipesticky folds
SPIDER2907 folds
CrackingAAces folds
Dollar Signs folds
Baltrozzz folds
Uncalled bet (4000.00) returned to aznxbandit
aznxbandit does not show
*** SUMMARY ***
Total pot 14000.00
Seat 1: aznxbandit did not show and won 14000.00
Seat 2: RubenElBoss25 folded on the Pre-Flop and did not bet
Seat 3: NaoConversoComDuro folded on the Pre-Flop and did not bet
Seat 4: lipesticky folded on the Pre-Flop and did not bet
Seat 5: SPIDER2907 folded on the Pre-Flop and did not bet
Seat 6: CrackingAAces (button) folded on the Pre-Flop
Seat 7: Dollar Signs (small blind) folded on the Pre-Flop
Seat 8: Baltrozzz (big blind) folded on the Pre-Flop

Game Hand #2017393063 - Tournament #31137116 - Holdem (No Limit) - Level 17 (2000.00/4000.00)- 2024/02/04 20:13:20 UTC
Table '193' 8-max Seat #7 is the button
Seat 1: aznxbandit (74300.00)
Seat 2: RubenElBoss25 (186255.00)
Seat 3: NaoConversoComDuro (75148.00)
Seat 4: lipesticky (105350.00)
Seat 5: SPIDER2907 (23700.00)
Seat 6: CrackingAAces (49950.00)
Seat 7: Dollar Signs (28100.00)
Seat 8: Baltrozzz (101300.00)
aznxbandit posts ante 500.00
RubenElBoss25 posts ante 500.00
NaoConversoComDuro posts ante 500.00
lipesticky posts ante 500.00
SPIDER2907 posts ante 500.00
CrackingAAces posts ante 500.00
Dollar Signs posts ante 500.00
Baltrozzz posts ante 500.00
Baltrozzz posts the small blind 2000.00
aznxbandit posts the big blind 4000.00
*** HOLE CARDS ***
Main pot 4000.00
Dealt to lipesticky [4d Ad]
RubenElBoss25 raises 8400.00 to 8400.00
NaoConversoComDuro folds
lipesticky folds
SPIDER2907 folds
CrackingAAces folds
Dollar Signs folds
Baltrozzz folds
aznxbandit folds
Uncalled bet (4400.00) returned to RubenElBoss25
RubenElBoss25 does not show
*** SUMMARY ***
Total pot 14000.00
Seat 1: aznxbandit (big blind) folded on the Pre-Flop
Seat 2: RubenElBoss25 did not show and won 14000.00
Seat 3: NaoConversoComDuro folded on the Pre-Flop and did not bet
Seat 4: lipesticky folded on the Pre-Flop and did not bet
Seat 5: SPIDER2907 folded on the Pre-Flop and did not bet
Seat 6: CrackingAAces folded on the Pre-Flop and did not bet
Seat 7: Dollar Signs (button) folded on the Pre-Flop
Seat 8: Baltrozzz (small blind) folded on the Pre-Flop

Game Hand #2017394424 - Tournament #31137116 - Holdem (No Limit) - Level 17 (2000.00/4000.00)- 2024/02/04 20:13:58 UTC
Table '193' 8-max Seat #8 is the button
Seat 1: aznxbandit (69800.00)
Seat 2: RubenElBoss25 (195755.00)
Seat 3: NaoConversoComDuro (74648.00)
Seat 4: lipesticky (104850.00)
Seat 5: SPIDER2907 (23200.00)
Seat 6: CrackingAAces (49450.00)
Seat 7: Dollar Signs (27600.00)
Seat 8: Baltrozzz (98800.00)
aznxbandit posts ante 500.00
RubenElBoss25 posts ante 500.00
NaoConversoComDuro posts ante 500.00
lipesticky posts ante 500.00
SPIDER2907 posts ante 500.00
CrackingAAces posts ante 500.00
Dollar Signs posts ante 500.00
Baltrozzz posts ante 500.00
aznxbandit posts the small blind 2000.00
RubenElBoss25 posts the big blind 4000.00
*** HOLE CARDS ***
Main pot 4000.00
Dealt to lipesticky [6s 9h]
NaoConversoComDuro folds
lipesticky folds
SPIDER2907 folds
CrackingAAces raises 8000.00 to 8000.00
Dollar Signs folds
Baltrozzz folds
aznxbandit folds
RubenElBoss25 folds
Uncalled bet (4000.00) returned to CrackingAAces
CrackingAAces does not show
*** SUMMARY ***
Total pot 14000.00
Seat 1: aznxbandit (small blind) folded on the Pre-Flop
Seat 2: RubenElBoss25 (big blind) folded on the Pre-Flop
Seat 3: NaoConversoComDuro folded on the Pre-Flop and did not bet
Seat 4: lipesticky folded on the Pre-Flop and did not bet
Seat 5: SPIDER2907 folded on the Pre-Flop and did not bet
Seat 6: CrackingAAces did not show and won 14000.00
Seat 7: Dollar Signs folded on the Pre-Flop and did not bet
Seat 8: Baltrozzz (button) folded on the Pre-Flop

Game Hand #2017395843 - Tournament #31137116 - Holdem (No Limit) - Level 17 (2000.00/4000.00)- 2024/02/04 20:14:36 UTC
Table '193' 8-max Seat #1 is the button
Seat 1: aznxbandit (67300.00)
Seat 2: RubenElBoss25 (191255.00)
Seat 3: NaoConversoComDuro (74148.00)
Seat 4: lipesticky (104350.00)
Seat 5: SPIDER2907 (22700.00)
Seat 6: CrackingAAces (58950.00)
Seat 7: Dollar Signs (27100.00)
Seat 8: Baltrozzz (98300.00)
aznxbandit posts ante 500.00
RubenElBoss25 posts ante 500.00
NaoConversoComDuro posts ante 500.00
lipesticky posts ante 500.00
SPIDER2907 posts ante 500.00
CrackingAAces posts ante 500.00
Dollar Signs posts ante 500.00
Baltrozzz posts ante 500.00
RubenElBoss25 posts the small blind 2000.00
NaoConversoComDuro posts the big blind 4000.00
*** HOLE CARDS ***
Main pot 4000.00
Dealt to lipesticky [4c Qs]
lipesticky folds
SPIDER2907 folds
CrackingAAces folds
Dollar Signs folds
Baltrozzz folds
aznxbandit folds
RubenElBoss25 raises 8000.00 to 10000.00
NaoConversoComDuro calls 6000.00
*** FLOP *** [5s Ts 2c]
Main pot 24000.00
RubenElBoss25 bets 7920.00
NaoConversoComDuro folds
Uncalled bet (7920.00) returned to RubenElBoss25
RubenElBoss25 does not show
*** SUMMARY ***
Total pot 24000.00
Board [5s Ts 2c]
Seat 1: aznxbandit (button) folded on the Pre-Flop
Seat 2: RubenElBoss25 did not show and won 24000.00
Seat 3: NaoConversoComDuro (big blind) folded on the Flop
Seat 4: lipesticky folded on the Pre-Flop and did not bet
Seat 5: SPIDER2907 folded on the Pre-Flop and did not bet
Seat 6: CrackingAAces folded on the Pre-Flop and did not bet
Seat 7: Dollar Signs folded on the Pre-Flop and did not bet
Seat 8: Baltrozzz folded on the Pre-Flop and did not bet

Game Hand #2017398156 - Tournament #31137116 - Holdem (No Limit) - Level 18 (2500.00/5000.00)- 2024/02/04 20:15:42 UTC
Table '193' 8-max Seat #2 is the button
Seat 2: RubenElBoss25 (204755.00)
Seat 3: NaoConversoComDuro (63648.00)
Seat 4: lipesticky (103850.00)
Seat 5: SPIDER2907 (22200.00)
Seat 6: CrackingAAces (58450.00)
Seat 7: Dollar Signs (26600.00)
Seat 8: Baltrozzz (97800.00)
RubenElBoss25 posts ante 625.00
NaoConversoComDuro posts ante 625.00
lipesticky posts ante 625.00
SPIDER2907 posts ante 625.00
CrackingAAces posts ante 625.00
Dollar Signs posts ante 625.00
Baltrozzz posts ante 625.00
NaoConversoComDuro posts the small blind 2500.00
lipesticky posts the big blind 5000.00
*** HOLE CARDS ***
Main pot 4375.00
Dealt to lipesticky [4d Ad]
SPIDER2907 folds
CrackingAAces raises 10000.00 to 10000.00
Dollar Signs folds
Baltrozzz folds
RubenElBoss25 folds
NaoConversoComDuro folds
lipesticky folds
Uncalled bet (5000.00) returned to CrackingAAces
CrackingAAces does not show
*** SUMMARY ***
Total pot 16875.00
Seat 2: RubenElBoss25 (button) folded on the Pre-Flop
Seat 3: NaoConversoComDuro (small blind) folded on the Pre-Flop
Seat 4: lipesticky (big blind) folded on the Pre-Flop
Seat 5: SPIDER2907 folded on the Pre-Flop and did not bet
Seat 6: CrackingAAces did not show and won 16875.00
Seat 7: Dollar Signs folded on the Pre-Flop and did not bet
Seat 8: Baltrozzz folded on the Pre-Flop and did not bet

Game Hand #2017399693 - Tournament #31137116 - Holdem (No Limit) - Level 18 (2500.00/5000.00)- 2024/02/04 20:16:25 UTC
Table '193' 8-max Seat #3 is the button
Seat 2: RubenElBoss25 (204130.00)
Seat 3: NaoConversoComDuro (60523.00)
Seat 4: lipesticky (98225.00) is sitting out
Seat 5: SPIDER2907 (21575.00)
Seat 6: CrackingAAces (69700.00)
Seat 7: Dollar Signs (25975.00)
Seat 8: Baltrozzz (97175.00)
RubenElBoss25 posts ante 625.00
NaoConversoComDuro posts ante 625.00
lipesticky posts ante 625.00
SPIDER2907 posts ante 625.00
CrackingAAces posts ante 625.00
Dollar Signs posts ante 625.00
Baltrozzz posts ante 625.00
lipesticky posts the small blind 2500.00
SPIDER2907 posts the big blind 5000.00
*** HOLE CARDS ***
Main pot 4375.00
Dealt to lipesticky [6c 3d]
CrackingAAces folds
Dollar Signs raises 25350.00 to 25350.00 and is all-in
Baltrozzz folds
RubenElBoss25 folds
NaoConversoComDuro folds
lipesticky folds
SPIDER2907 folds
Uncalled bet (20350.00) returned to Dollar Signs
Dollar Signs does not show
*** SUMMARY ***
Total pot 16875.00
Seat 2: RubenElBoss25 folded on the Pre-Flop and did not bet
Seat 3: NaoConversoComDuro (button) folded on the Pre-Flop
Seat 4: lipesticky (small blind) folded on the Pre-Flop
Seat 5: SPIDER2907 (big blind) folded on the Pre-Flop
Seat 6: CrackingAAces folded on the Pre-Flop and did not bet
Seat 7: Dollar Signs did not show and won 16875.00
Seat 8: Baltrozzz folded on the Pre-Flop and did not bet

Game Hand #2017400638 - Tournament #31137116 - Holdem (No Limit) - Level 18 (2500.00/5000.00)- 2024/02/04 20:16:51 UTC
Table '193' 8-max Seat #4 is the button
Seat 1: Maureli99 (108275.00)
Seat 2: RubenElBoss25 (203505.00)
Seat 3: NaoConversoComDuro (59898.00)
Seat 4: lipesticky (95100.00)
Seat 5: SPIDER2907 (15950.00)
Seat 6: CrackingAAces (69075.00)
Seat 7: Dollar Signs (37225.00)
Seat 8: Baltrozzz (96550.00)
Maureli99 posts ante 625.00
RubenElBoss25 posts ante 625.00
NaoConversoComDuro posts ante 625.00
lipesticky posts ante 625.00
SPIDER2907 posts ante 625.00
CrackingAAces posts ante 625.00
Dollar Signs posts ante 625.00
Baltrozzz posts ante 625.00
SPIDER2907 posts the small blind 2500.00
CrackingAAces posts the big blind 5000.00
*** HOLE CARDS ***
Main pot 5000.00
Dealt to lipesticky [6d Jd]
Dollar Signs folds
Baltrozzz folds
Maureli99 raises 11000.00 to 11000.00
RubenElBoss25 folds
NaoConversoComDuro folds
lipesticky folds
SPIDER2907 folds
CrackingAAces folds
Uncalled bet (6000.00) returned to Maureli99
Maureli99 does not show
*** SUMMARY ***
Total pot 17500.00
Seat 1: Maureli99 did not show and won 17500.00
Seat 2: RubenElBoss25 folded on the Pre-Flop and did not bet
Seat 3: NaoConversoComDuro folded on the Pre-Flop and did not bet
Seat 4: lipesticky (button) folded on the Pre-Flop
Seat 5: SPIDER2907 (small blind) folded on the Pre-Flop
Seat 6: CrackingAAces (big blind) folded on the Pre-Flop
Seat 7: Dollar Signs folded on the Pre-Flop and did not bet
Seat 8: Baltrozzz folded on the Pre-Flop and did not bet

Game Hand #2017401607 - Tournament #31137116 - Holdem (No Limit) - Level 18 (2500.00/5000.00)- 2024/02/04 20:17:18 UTC
Table '193' 8-max Seat #5 is the button
Seat 1: Maureli99 (120150.00)
Seat 2: RubenElBoss25 (202880.00)
Seat 3: NaoConversoComDuro (59273.00)
Seat 4: lipesticky (94475.00)
Seat 5: SPIDER2907 (12825.00)
Seat 6: CrackingAAces (63450.00)
Seat 7: Dollar Signs (36600.00)
Seat 8: Baltrozzz (95925.00)
Maureli99 posts ante 625.00
RubenElBoss25 posts ante 625.00
NaoConversoComDuro posts ante 625.00
lipesticky posts ante 625.00
SPIDER2907 posts ante 625.00
CrackingAAces posts ante 625.00
Dollar Signs posts ante 625.00
Baltrozzz posts ante 625.00
CrackingAAces posts the small blind 2500.00
Dollar Signs posts the big blind 5000.00
*** HOLE CARDS ***
Main pot 5000.00
Dealt to lipesticky [Qd Kd]
Baltrozzz raises 10000.00 to 10000.00
Maureli99 folds
RubenElBoss25 folds
NaoConversoComDuro folds
lipesticky calls 10000.00
SPIDER2907 folds
CrackingAAces folds
Dollar Signs raises 30975.00 to 35975.00 and is all-in
Baltrozzz folds
lipesticky calls 25975.00
*** FLOP *** [7d 4s Kh]
Main pot 89450.00
*** TURN *** [7d 4s Kh] [2h]
Main pot 89450.00
*** RIVER *** [7d 4s Kh 2h] [5h]
Main pot 89450.00
*** SHOW DOWN ***
Main pot 89450.00
lipesticky shows [Qd Kd] (a pair of Kings [Kh Kd Qd 7d 5h])
Dollar Signs shows [Qs As] (a high card, Ace high [As Kh Qs 7d 5h])
lipesticky collected 89450.00 from main pot
*** SUMMARY ***
Total pot 89450.00
Board [7d 4s Kh 2h 5h]
Seat 1: Maureli99 folded on the Pre-Flop and did not bet
Seat 2: RubenElBoss25 folded on the Pre-Flop and did not bet
Seat 3: NaoConversoComDuro folded on the Pre-Flop and did not bet
Seat 4: lipesticky showed [Qd Kd] and won 89450.00 with a pair of Kings [Kh Kd Qd 7d 5h]
Seat 5: SPIDER2907 (button) folded on the Pre-Flop
Seat 6: CrackingAAces (small blind) folded on the Pre-Flop
Seat 7: Dollar Signs (big blind) showed [Qs As] and lost with a high card, Ace high [As Kh Qs 7d 5h]
Seat 8: Baltrozzz folded on the Pre-Flop and did not bet

Game Hand #2017403393 - Tournament #31137116 - Holdem (No Limit) - Level 18 (2500.00/5000.00)- 2024/02/04 20:18:08 UTC
Table '193' 8-max Seat #6 is the button
Seat 1: Maureli99 (119525.00)
Seat 2: RubenElBoss25 (202255.00)
Seat 3: NaoConversoComDuro (58648.00)
Seat 4: lipesticky (147325.00)
Seat 5: SPIDER2907 (12200.00)
Seat 6: CrackingAAces (60325.00)
Seat 8: Baltrozzz (85300.00)
Maureli99 posts ante 625.00
RubenElBoss25 posts ante 625.00
NaoConversoComDuro posts ante 625.00
lipesticky posts ante 625.00
SPIDER2907 posts ante 625.00
CrackingAAces posts ante 625.00
Baltrozzz posts ante 625.00
Baltrozzz posts the big blind 5000.00
*** HOLE CARDS ***
Main pot 4375.00
Dealt to lipesticky [9h 2c]
Maureli99 folds
RubenElBoss25 folds
NaoConversoComDuro raises 10000.00 to 10000.00
lipesticky folds
SPIDER2907 folds
CrackingAAces folds
Baltrozzz folds
Uncalled bet (5000.00) returned to NaoConversoComDuro
NaoConversoComDuro does not show
*** SUMMARY ***
Total pot 14375.00
Seat 1: Maureli99 folded on the Pre-Flop and did not bet
Seat 2: RubenElBoss25 folded on the Pre-Flop and did not bet
Seat 3: NaoConversoComDuro did not show and won 14375.00
Seat 4: lipesticky folded on the Pre-Flop and did not bet
Seat 5: SPIDER2907 folded on the Pre-Flop and did not bet
Seat 6: CrackingAAces (button) folded on the Pre-Flop
Seat 8: Baltrozzz (big blind) folded on the Pre-Flop

Game Hand #2017404083 - Tournament #31137116 - Holdem (No Limit) - Level 18 (2500.00/5000.00)- 2024/02/04 20:18:29 UTC
Table '193' 8-max Seat #7 is the button
Seat 1: Maureli99 (118900.00)
Seat 2: RubenElBoss25 (201630.00)
Seat 3: NaoConversoComDuro (67398.00)
Seat 4: lipesticky (146700.00)
Seat 5: SPIDER2907 (11575.00)
Seat 6: CrackingAAces (59700.00)
Seat 7: DasBrumby will be allowed to play after the button
Seat 8: Baltrozzz (79675.00)
Maureli99 posts ante 625.00
RubenElBoss25 posts ante 625.00
NaoConversoComDuro posts ante 625.00
lipesticky posts ante 625.00
SPIDER2907 posts ante 625.00
CrackingAAces posts ante 625.00
Baltrozzz posts ante 625.00
Baltrozzz posts the small blind 2500.00
Maureli99 posts the big blind 5000.00
*** HOLE CARDS ***
Main pot 4375.00
Dealt to lipesticky [5d Ad]
RubenElBoss25 folds
NaoConversoComDuro raises 10000.00 to 10000.00
lipesticky folds
SPIDER2907 folds
CrackingAAces folds
Baltrozzz folds
Maureli99 folds
Uncalled bet (5000.00) returned to NaoConversoComDuro
NaoConversoComDuro does not show
*** SUMMARY ***
Total pot 16875.00
Seat 1: Maureli99 (big blind) folded on the Pre-Flop
Seat 2: RubenElBoss25 folded on the Pre-Flop and did not bet
Seat 3: NaoConversoComDuro did not show and won 16875.00
Seat 4: lipesticky folded on the Pre-Flop and did not bet
Seat 5: SPIDER2907 folded on the Pre-Flop and did not bet
Seat 6: CrackingAAces folded on the Pre-Flop and did not bet
Seat 8: Baltrozzz (small blind) folded on the Pre-Flop

Game Hand #2017405672 - Tournament #31137116 - Holdem (No Limit) - Level 18 (2500.00/5000.00)- 2024/02/04 20:19:16 UTC
Table '193' 8-max Seat #8 is the button
Seat 1: Maureli99 (113275.00)
Seat 2: RubenElBoss25 (201005.00)
Seat 3: NaoConversoComDuro (78648.00)
Seat 4: lipesticky (146075.00)
Seat 5: SPIDER2907 (10950.00)
Seat 6: CrackingAAces (59075.00)
Seat 7: DasBrumby (383258.00)
Seat 8: Baltrozzz (76550.00)
Maureli99 posts ante 625.00
RubenElBoss25 posts ante 625.00
NaoConversoComDuro posts ante 625.00
lipesticky posts ante 625.00
SPIDER2907 posts ante 625.00
CrackingAAces posts ante 625.00
DasBrumby posts ante 625.00
Baltrozzz posts ante 625.00
Maureli99 posts the small blind 2500.00
RubenElBoss25 posts the big blind 5000.00
*** HOLE CARDS ***
Main pot 5000.00
Dealt to lipesticky [As 3c]
NaoConversoComDuro folds
lipesticky folds
SPIDER2907 raises 10325.00 to 10325.00 and is all-in
CrackingAAces folds
DasBrumby raises 15650.00 to 15650.00
Baltrozzz folds
Maureli99 folds
RubenElBoss25 calls 10650.00
*** FLOP *** [3h 2s 5s]
Main pot 38475.00
Side pot(1) 10650.00
RubenElBoss25 checks
DasBrumby bets 14781.00
RubenElBoss25 raises 43248.00 to 43248.00
DasBrumby folds
Uncalled bet (28467.00) returned to RubenElBoss25
*** TURN *** [3h 2s 5s] [Kc]
Main pot 38475.00
Side pot(1) 40212.00
*** RIVER *** [3h 2s 5s Kc] [6c]
Main pot 38475.00
Side pot(1) 40212.00
*** SHOW DOWN ***
Main pot 38475.00
Side pot(1) 40212.00
RubenElBoss25 shows [7d 7h] (a pair of Sevens [7h 7d Kc 6c 5s])
SPIDER2907 shows [9s Qc] (a high card, King high [Kc Qc 9s 6c 5s])
RubenElBoss25 collected 38475.00 from main pot
RubenElBoss25 collected 40212.00 from side pot-1
*** SUMMARY ***
Total pot 78687.00
Board [3h 2s 5s Kc 6c]
Seat 1: Maureli99 (small blind) folded on the Pre-Flop
Seat 2: RubenElBoss25 (big blind) showed [7d 7h] and won 78687.00 with a pair of Sevens [7h 7d Kc 6c 5s]
Seat 3: NaoConversoComDuro folded on the Pre-Flop and did not bet
Seat 4: lipesticky folded on the Pre-Flop and did not bet
Seat 5: SPIDER2907 showed [9s Qc] and lost with a high card, King high [Kc Qc 9s 6c 5s]
Seat 6: CrackingAAces folded on the Pre-Flop and did not bet
Seat 7: DasBrumby folded on the Flop
Seat 8: Baltrozzz (button) folded on the Pre-Flop

