PokerStars Hand #257060620953: Tournament #3912024153, $4.80+$5.00+$1.20 USD Hold'em No Limit - Level I (50/100) - 2025/07/23 15:34:01 BRT [2025/07/23 14:34:01 ET]
Table '3912024153 1' 8-max Seat #1 is the button
Seat 1: Gabrielfs13 (5000 in chips, $5 bounty) 
Seat 2: 0PTI-MEN (5000 in chips, $5 bounty) 
Seat 4: sto99 db (5000 in chips, $5 bounty) 
Seat 5: jeffi333 (5000 in chips, $5 bounty) 
Seat 6: Fischkop993 (5000 in chips, $5 bounty) 
Seat 7: TheDorkSlayer (5000 in chips, $5 bounty) 
Seat 8: AdiM35 (5000 in chips, $5 bounty) 
Gabrielfs13: posts the ante 15
0PTI-MEN: posts the ante 15
sto99 db: posts the ante 15
jeffi333: posts the ante 15
Fischkop993: posts the ante 15
TheDorkSlayer: posts the ante 15
AdiM35: posts the ante 15
0PTI-MEN: posts small blind 50
sto99 db: posts big blind 100
*** HOLE CARDS ***
Dealt to Gabrielfs13 [Kd 2h]
jeffi333: folds 
Fischkop993: raises 355 to 455
TheDorkSlayer: folds 
AdiM35: folds 
Gabrielfs13: folds 
0PTI-MEN: folds 
sto99 db: folds 
Uncalled bet (355) returned to Fischkop993
Fischkop993 collected 355 from pot
Fischkop993: doesn't show hand 
*** SUMMARY ***
Total pot 355 | Rake 0 
Seat 1: Gabrielfs13 (button) folded before Flop (didn't bet)
Seat 2: 0PTI-MEN (small blind) folded before Flop
Seat 4: sto99 db (big blind) folded before Flop
Seat 5: jeffi333 folded before Flop (didn't bet)
Seat 6: Fischkop993 collected (355)
Seat 7: TheDorkSlayer folded before Flop (didn't bet)
Seat 8: AdiM35 folded before Flop (didn't bet)



PokerStars Hand #257060627342: Tournament #3912024153, $4.80+$5.00+$1.20 USD Hold'em No Limit - Level I (50/100) - 2025/07/23 15:34:31 BRT [2025/07/23 14:34:31 ET]
Table '3912024153 1' 8-max Seat #2 is the button
Seat 1: Gabrielfs13 (4985 in chips, $5 bounty) 
Seat 2: 0PTI-MEN (4935 in chips, $5 bounty) 
Seat 4: sto99 db (4885 in chips, $5 bounty) 
Seat 5: jeffi333 (4985 in chips, $5 bounty) 
Seat 6: Fischkop993 (5240 in chips, $5 bounty) 
Seat 7: TheDorkSlayer (4985 in chips, $5 bounty) 
Seat 8: AdiM35 (4985 in chips, $5 bounty) 
Gabrielfs13: posts the ante 15
0PTI-MEN: posts the ante 15
sto99 db: posts the ante 15
jeffi333: posts the ante 15
Fischkop993: posts the ante 15
TheDorkSlayer: posts the ante 15
AdiM35: posts the ante 15
sto99 db: posts small blind 50
jeffi333: posts big blind 100
*** HOLE CARDS ***
Dealt to Gabrielfs13 [9h 7c]
Fischkop993: folds 
TheDorkSlayer: raises 200 to 300
AdiM35: folds 
Gabrielfs13: folds 
0PTI-MEN: raises 500 to 800
sto99 db: folds 
jeffi333: folds 
TheDorkSlayer: raises 4170 to 4970 and is all-in
0PTI-MEN: folds 
Uncalled bet (4170) returned to TheDorkSlayer
TheDorkSlayer collected 1855 from pot
TheDorkSlayer: doesn't show hand 
*** SUMMARY ***
Total pot 1855 | Rake 0 
Seat 1: Gabrielfs13 folded before Flop (didn't bet)
Seat 2: 0PTI-MEN (button) folded before Flop
Seat 4: sto99 db (small blind) folded before Flop
Seat 5: jeffi333 (big blind) folded before Flop
Seat 6: Fischkop993 folded before Flop (didn't bet)
Seat 7: TheDorkSlayer collected (1855)
Seat 8: AdiM35 folded before Flop (didn't bet)



PokerStars Hand #257060637541: Tournament #3912024153, $4.80+$5.00+$1.20 USD Hold'em No Limit - Level I (50/100) - 2025/07/23 15:35:18 BRT [2025/07/23 14:35:18 ET]
Table '3912024153 1' 8-max Seat #4 is the button
Seat 1: Gabrielfs13 (4970 in chips, $5 bounty) 
Seat 2: 0PTI-MEN (4120 in chips, $5 bounty) 
Seat 4: sto99 db (4820 in chips, $5 bounty) 
Seat 5: jeffi333 (4870 in chips, $5 bounty) 
Seat 6: Fischkop993 (5225 in chips, $5 bounty) 
Seat 7: TheDorkSlayer (6025 in chips, $5 bounty) 
Seat 8: AdiM35 (4970 in chips, $5 bounty) 
Gabrielfs13: posts the ante 15
0PTI-MEN: posts the ante 15
sto99 db: posts the ante 15
jeffi333: posts the ante 15
Fischkop993: posts the ante 15
TheDorkSlayer: posts the ante 15
AdiM35: posts the ante 15
jeffi333: posts small blind 50
Fischkop993: posts big blind 100
*** HOLE CARDS ***
Dealt to Gabrielfs13 [9s Qh]
TheDorkSlayer: folds 
AdiM35: folds 
Gabrielfs13: folds 
0PTI-MEN: folds 
sto99 db: raises 355 to 455
Mertz18 is disconnected 
jeffi333: folds 
Fischkop993: raises 4755 to 5210 and is all-in
sto99 db: calls 4350 and is all-in
Uncalled bet (405) returned to Fischkop993
*** FLOP *** [Qs 6h Td]
*** TURN *** [Qs 6h Td] [7c]
*** RIVER *** [Qs 6h Td 7c] [9d]
*** SHOW DOWN ***
Fischkop993: shows [Kh Ah] (high card Ace)
sto99 db: shows [Jd Js] (a pair of Jacks)
sto99 db collected 9765 from pot
*** SUMMARY ***
Total pot 9765 | Rake 0 
Board [Qs 6h Td 7c 9d]
Seat 1: Gabrielfs13 folded before Flop (didn't bet)
Seat 2: 0PTI-MEN folded before Flop (didn't bet)
Seat 4: sto99 db (button) showed [Jd Js] and won (9765) with a pair of Jacks
Seat 5: jeffi333 (small blind) folded before Flop
Seat 6: Fischkop993 (big blind) showed [Kh Ah] and lost with high card Ace
Seat 7: TheDorkSlayer folded before Flop (didn't bet)
Seat 8: AdiM35 folded before Flop (didn't bet)



PokerStars Hand #257060646041: Tournament #3912024153, $4.80+$5.00+$1.20 USD Hold'em No Limit - Level I (50/100) - 2025/07/23 15:35:57 BRT [2025/07/23 14:35:57 ET]
Table '3912024153 1' 8-max Seat #5 is the button
Seat 1: Gabrielfs13 (4955 in chips, $5 bounty) 
Seat 2: 0PTI-MEN (4105 in chips, $5 bounty) 
Seat 3: Mertz18 (5000 in chips, $5 bounty) 
Seat 4: sto99 db (9765 in chips, $5 bounty) 
Seat 5: jeffi333 (4805 in chips, $5 bounty) 
Seat 6: Fischkop993 (405 in chips, $5 bounty) 
Seat 7: TheDorkSlayer (6010 in chips, $5 bounty) 
Seat 8: AdiM35 (4955 in chips, $5 bounty) 
Gabrielfs13: posts the ante 15
0PTI-MEN: posts the ante 15
Mertz18: posts the ante 15
sto99 db: posts the ante 15
jeffi333: posts the ante 15
Fischkop993: posts the ante 15
TheDorkSlayer: posts the ante 15
AdiM35: posts the ante 15
Fischkop993: posts small blind 50
TheDorkSlayer: posts big blind 100
*** HOLE CARDS ***
Dealt to Gabrielfs13 [6c Qh]
AdiM35: raises 100 to 200
Gabrielfs13: folds 
0PTI-MEN: calls 200
Mertz18: folds 
sto99 db: calls 200
jeffi333: raises 4590 to 4790 and is all-in
Fischkop993: calls 340 and is all-in
TheDorkSlayer: folds 
AdiM35: raises 150 to 4940 and is all-in
0PTI-MEN: folds 
sto99 db: calls 4740
*** FLOP *** [Qc 3h 5d]
*** TURN *** [Qc 3h 5d] [8c]
*** RIVER *** [Qc 3h 5d 8c] [Qs]
*** SHOW DOWN ***
AdiM35: shows [7d 7s] (two pair, Queens and Sevens)
sto99 db: shows [9h 8s] (two pair, Queens and Eights)
sto99 db collected 300 from side pot-2 
jeffi333: shows [Kd Kc] (two pair, Kings and Queens)
jeffi333 collected 13200 from side pot-1 
Fischkop993: shows [Jc Th] (a pair of Queens)
jeffi333 collected 1980 from main pot
jeffi333 wins $2.50 for eliminating Fischkop993 and their own bounty increases by $2.50 to $7.50
sto99 db wins $2.50 for eliminating AdiM35 and their own bounty increases by $2.50 to $7.50
AdiM35 finished the tournament
Fischkop993 finished the tournament
*** SUMMARY ***
Total pot 15480 Main pot 1980. Side pot-1 13200. Side pot-2 300. | Rake 0 
Board [Qc 3h 5d 8c Qs]
Seat 1: Gabrielfs13 folded before Flop (didn't bet)
Seat 2: 0PTI-MEN folded before Flop
Seat 3: Mertz18 folded before Flop (didn't bet)
Seat 4: sto99 db showed [9h 8s] and won (300) with two pair, Queens and Eights
Seat 5: jeffi333 (button) showed [Kd Kc] and won (15180) with two pair, Kings and Queens
Seat 6: Fischkop993 (small blind) showed [Jc Th] and lost with a pair of Queens
Seat 7: TheDorkSlayer (big blind) folded before Flop
Seat 8: AdiM35 showed [7d 7s] and lost with two pair, Queens and Sevens



PokerStars Hand #257060655929: Tournament #3912024153, $4.80+$5.00+$1.20 USD Hold'em No Limit - Level I (50/100) - 2025/07/23 15:36:43 BRT [2025/07/23 14:36:43 ET]
Table '3912024153 1' 8-max Seat #7 is the button
Seat 1: Gabrielfs13 (4940 in chips, $5 bounty) 
Seat 2: 0PTI-MEN (3890 in chips, $5 bounty) 
Seat 3: Mertz18 (4985 in chips, $5 bounty) 
Seat 4: sto99 db (5110 in chips, $7.50 bounty) 
Seat 5: jeffi333 (15180 in chips, $7.50 bounty) 
Seat 7: TheDorkSlayer (5895 in chips, $5 bounty) 
Gabrielfs13: posts the ante 15
0PTI-MEN: posts the ante 15
Mertz18: posts the ante 15
sto99 db: posts the ante 15
jeffi333: posts the ante 15
TheDorkSlayer: posts the ante 15
Gabrielfs13: posts small blind 50
0PTI-MEN: posts big blind 100
*** HOLE CARDS ***
Dealt to Gabrielfs13 [7s Kd]
MazzaGR is disconnected 
Mertz18: folds 
sto99 db: folds 
déviblues is disconnected 
jeffi333: folds 
TheDorkSlayer: folds 
Gabrielfs13: raises 200 to 300
0PTI-MEN: calls 200
*** FLOP *** [5s Ah Qh]
Gabrielfs13: checks 
0PTI-MEN: bets 228
Gabrielfs13: folds 
Uncalled bet (228) returned to 0PTI-MEN
0PTI-MEN collected 690 from pot
0PTI-MEN: doesn't show hand 
*** SUMMARY ***
Total pot 690 | Rake 0 
Board [5s Ah Qh]
Seat 1: Gabrielfs13 (small blind) folded on the Flop
Seat 2: 0PTI-MEN (big blind) collected (690)
Seat 3: Mertz18 folded before Flop (didn't bet)
Seat 4: sto99 db folded before Flop (didn't bet)
Seat 5: jeffi333 folded before Flop (didn't bet)
Seat 7: TheDorkSlayer (button) folded before Flop (didn't bet)



PokerStars Hand #257060666953: Tournament #3912024153, $4.80+$5.00+$1.20 USD Hold'em No Limit - Level I (50/100) - 2025/07/23 15:37:34 BRT [2025/07/23 14:37:34 ET]
Table '3912024153 1' 8-max Seat #1 is the button
Seat 1: Gabrielfs13 (4625 in chips, $5 bounty) 
Seat 2: 0PTI-MEN (4265 in chips, $5 bounty) 
Seat 4: sto99 db (5095 in chips, $7.50 bounty) 
Seat 5: jeffi333 (15165 in chips, $7.50 bounty) 
Seat 6: MazzaGR (5000 in chips, $5 bounty) 
Seat 7: TheDorkSlayer (5880 in chips, $5 bounty) 
Seat 8: déviblues (5000 in chips, $5 bounty) 
Gabrielfs13: posts the ante 15
0PTI-MEN: posts the ante 15
sto99 db: posts the ante 15
jeffi333: posts the ante 15
MazzaGR: posts the ante 15
TheDorkSlayer: posts the ante 15
déviblues: posts the ante 15
0PTI-MEN: posts small blind 50
sto99 db: posts big blind 100
*** HOLE CARDS ***
Dealt to Gabrielfs13 [Kd 8d]
jeffi333: folds 
MazzaGR: folds 
TheDorkSlayer: folds 
déviblues: raises 120 to 220
Gabrielfs13: calls 220
0PTI-MEN: folds 
sto99 db: calls 120
*** FLOP *** [9h Qh 7s]
sto99 db: checks 
déviblues: checks 
Gabrielfs13: checks 
*** TURN *** [9h Qh 7s] [Qc]
sto99 db: checks 
déviblues: checks 
Gabrielfs13: checks 
*** RIVER *** [9h Qh 7s Qc] [Kc]
sto99 db: checks 
déviblues: checks 
Gabrielfs13: bets 538
sto99 db: folds 
déviblues: folds 
Uncalled bet (538) returned to Gabrielfs13
Gabrielfs13 collected 815 from pot
Gabrielfs13: doesn't show hand 
*** SUMMARY ***
Total pot 815 | Rake 0 
Board [9h Qh 7s Qc Kc]
Seat 1: Gabrielfs13 (button) collected (815)
Seat 2: 0PTI-MEN (small blind) folded before Flop
Seat 4: sto99 db (big blind) folded on the River
Seat 5: jeffi333 folded before Flop (didn't bet)
Seat 6: MazzaGR folded before Flop (didn't bet)
Seat 7: TheDorkSlayer folded before Flop (didn't bet)
Seat 8: déviblues folded on the River



PokerStars Hand #257060679323: Tournament #3912024153, $4.80+$5.00+$1.20 USD Hold'em No Limit - Level I (50/100) - 2025/07/23 15:38:30 BRT [2025/07/23 14:38:30 ET]
Table '3912024153 1' 8-max Seat #2 is the button
Seat 1: Gabrielfs13 (5205 in chips, $5 bounty) 
Seat 2: 0PTI-MEN (4200 in chips, $5 bounty) 
Seat 4: sto99 db (4860 in chips, $7.50 bounty) 
Seat 5: jeffi333 (15150 in chips, $7.50 bounty) 
Seat 6: MazzaGR (4985 in chips, $5 bounty) 
Seat 7: TheDorkSlayer (5865 in chips, $5 bounty) 
Seat 8: déviblues (4765 in chips, $5 bounty) 
Gabrielfs13: posts the ante 15
0PTI-MEN: posts the ante 15
sto99 db: posts the ante 15
jeffi333: posts the ante 15
MazzaGR: posts the ante 15
TheDorkSlayer: posts the ante 15
déviblues: posts the ante 15
sto99 db: posts small blind 50
jeffi333: posts big blind 100
*** HOLE CARDS ***
Dealt to Gabrielfs13 [4s 5d]
MazzaGR: folds 
TheDorkSlayer: folds 
déviblues: folds 
Gabrielfs13: folds 
0PTI-MEN: folds 
sto99 db: calls 50
jeffi333: checks 
*** FLOP *** [8h Kh 9s]
sto99 db: checks 
jeffi333: bets 305
sto99 db: calls 305
*** TURN *** [8h Kh 9s] [Qs]
sto99 db: checks 
jeffi333: bets 915
sto99 db: calls 915
*** RIVER *** [8h Kh 9s Qs] [5h]
sto99 db: checks 
jeffi333: checks 
*** SHOW DOWN ***
sto99 db: shows [7h Jh] (a flush, King high)
jeffi333: mucks hand 
sto99 db collected 2745 from pot
*** SUMMARY ***
Total pot 2745 | Rake 0 
Board [8h Kh 9s Qs 5h]
Seat 1: Gabrielfs13 folded before Flop (didn't bet)
Seat 2: 0PTI-MEN (button) folded before Flop (didn't bet)
Seat 4: sto99 db (small blind) showed [7h Jh] and won (2745) with a flush, King high
Seat 5: jeffi333 (big blind) mucked [Js Kd]
Seat 6: MazzaGR folded before Flop (didn't bet)
Seat 7: TheDorkSlayer folded before Flop (didn't bet)
Seat 8: déviblues folded before Flop (didn't bet)



PokerStars Hand #257060686754: Tournament #3912024153, $4.80+$5.00+$1.20 USD Hold'em No Limit - Level II (60/120) - 2025/07/23 15:39:05 BRT [2025/07/23 14:39:05 ET]
Table '3912024153 1' 8-max Seat #4 is the button
Seat 1: Gabrielfs13 (5190 in chips, $5 bounty) 
Seat 2: 0PTI-MEN (4185 in chips, $5 bounty) 
Seat 4: sto99 db (6270 in chips, $7.50 bounty) 
Seat 5: jeffi333 (13815 in chips, $7.50 bounty) 
Seat 6: MazzaGR (4970 in chips, $5 bounty) 
Seat 7: TheDorkSlayer (5850 in chips, $5 bounty) 
Seat 8: déviblues (4750 in chips, $5 bounty) 
Gabrielfs13: posts the ante 18
0PTI-MEN: posts the ante 18
sto99 db: posts the ante 18
jeffi333: posts the ante 18
MazzaGR: posts the ante 18
TheDorkSlayer: posts the ante 18
déviblues: posts the ante 18
jeffi333: posts small blind 60
MazzaGR: posts big blind 120
*** HOLE CARDS ***
Dealt to Gabrielfs13 [Kc Qc]
TheDorkSlayer: folds 
déviblues: folds 
Gabrielfs13: raises 120 to 240
0PTI-MEN: folds 
sto99 db: folds 
jeffi333: folds 
MazzaGR: calls 120
*** FLOP *** [Kd Kh Jc]
PIatzhirsch is disconnected 
MazzaGR: checks 
Gabrielfs13: bets 220
MazzaGR: calls 220
*** TURN *** [Kd Kh Jc] [7h]
MazzaGR: checks 
Gabrielfs13: bets 553
MazzaGR: folds 
Uncalled bet (553) returned to Gabrielfs13
Gabrielfs13 collected 1106 from pot
Gabrielfs13: doesn't show hand 
*** SUMMARY ***
Total pot 1106 | Rake 0 
Board [Kd Kh Jc 7h]
Seat 1: Gabrielfs13 collected (1106)
Seat 2: 0PTI-MEN folded before Flop (didn't bet)
Seat 4: sto99 db (button) folded before Flop (didn't bet)
Seat 5: jeffi333 (small blind) folded before Flop
Seat 6: MazzaGR (big blind) folded on the Turn
Seat 7: TheDorkSlayer folded before Flop (didn't bet)
Seat 8: déviblues folded before Flop (didn't bet)



PokerStars Hand #257060703708: Tournament #3912024153, $4.80+$5.00+$1.20 USD Hold'em No Limit - Level II (60/120) - 2025/07/23 15:40:23 BRT [2025/07/23 14:40:23 ET]
Table '3912024153 1' 8-max Seat #5 is the button
Seat 1: Gabrielfs13 (5818 in chips, $5 bounty) 
Seat 2: 0PTI-MEN (4167 in chips, $5 bounty) 
Seat 3: PIatzhirsch (5000 in chips, $5 bounty) 
Seat 4: sto99 db (6252 in chips, $7.50 bounty) 
Seat 5: jeffi333 (13737 in chips, $7.50 bounty) 
Seat 6: MazzaGR (4492 in chips, $5 bounty) 
Seat 8: déviblues (4732 in chips, $5 bounty) 
Gabrielfs13: posts the ante 18
0PTI-MEN: posts the ante 18
PIatzhirsch: posts the ante 18
sto99 db: posts the ante 18
jeffi333: posts the ante 18
MazzaGR: posts the ante 18
déviblues: posts the ante 18
MazzaGR: posts small blind 60
déviblues: posts big blind 120
*** HOLE CARDS ***
Dealt to Gabrielfs13 [Qh Ts]
Gabrielfs13: folds 
0PTI-MEN: raises 120 to 240
PIatzhirsch: folds 
sto99 db: calls 240
jeffi333: folds 
MazzaGR: folds 
déviblues: folds 
*** FLOP *** [5s Jh 4h]
0PTI-MEN: checks 
sto99 db: bets 786
0PTI-MEN: calls 786
*** TURN *** [5s Jh 4h] [5c]
0PTI-MEN: checks 
sto99 db: bets 2358
0PTI-MEN: folds 
Uncalled bet (2358) returned to sto99 db
sto99 db collected 2358 from pot
sto99 db: doesn't show hand 
*** SUMMARY ***
Total pot 2358 | Rake 0 
Board [5s Jh 4h 5c]
Seat 1: Gabrielfs13 folded before Flop (didn't bet)
Seat 2: 0PTI-MEN folded on the Turn
Seat 3: PIatzhirsch folded before Flop (didn't bet)
Seat 4: sto99 db collected (2358)
Seat 5: jeffi333 (button) folded before Flop (didn't bet)
Seat 6: MazzaGR (small blind) folded before Flop
Seat 8: déviblues (big blind) folded before Flop



PokerStars Hand #257060714812: Tournament #3912024153, $4.80+$5.00+$1.20 USD Hold'em No Limit - Level II (60/120) - 2025/07/23 15:41:13 BRT [2025/07/23 14:41:13 ET]
Table '3912024153 1' 8-max Seat #6 is the button
Seat 1: Gabrielfs13 (5800 in chips, $5 bounty) 
Seat 2: 0PTI-MEN (3123 in chips, $5 bounty) 
Seat 3: PIatzhirsch (4982 in chips, $5 bounty) 
Seat 4: sto99 db (7566 in chips, $7.50 bounty) 
Seat 5: jeffi333 (13719 in chips, $7.50 bounty) 
Seat 6: MazzaGR (4414 in chips, $5 bounty) 
Seat 8: déviblues (4594 in chips, $5 bounty) 
Gabrielfs13: posts the ante 18
0PTI-MEN: posts the ante 18
PIatzhirsch: posts the ante 18
sto99 db: posts the ante 18
jeffi333: posts the ante 18
MazzaGR: posts the ante 18
déviblues: posts the ante 18
déviblues: posts small blind 60
Gabrielfs13: posts big blind 120
*** HOLE CARDS ***
Dealt to Gabrielfs13 [Qc As]
0PTI-MEN: folds 
PIatzhirsch: folds 
sto99 db: folds 
jeffi333: folds 
MazzaGR: folds 
déviblues: raises 180 to 300
Gabrielfs13: raises 720 to 1020
DrFlex247 is disconnected 
déviblues: raises 3556 to 4576 and is all-in
Gabrielfs13: calls 3556
*** FLOP *** [8d 4c Ts]
*** TURN *** [8d 4c Ts] [Ks]
*** RIVER *** [8d 4c Ts Ks] [Jc]
*** SHOW DOWN ***
déviblues: shows [Jd Js] (three of a kind, Jacks)
Gabrielfs13: shows [Qc As] (a straight, Ten to Ace)
Gabrielfs13 collected 9278 from pot
Gabrielfs13 wins $2.50 for eliminating déviblues and their own bounty increases by $2.50 to $7.50
déviblues finished the tournament
*** SUMMARY ***
Total pot 9278 | Rake 0 
Board [8d 4c Ts Ks Jc]
Seat 1: Gabrielfs13 (big blind) showed [Qc As] and won (9278) with a straight, Ten to Ace
Seat 2: 0PTI-MEN folded before Flop (didn't bet)
Seat 3: PIatzhirsch folded before Flop (didn't bet)
Seat 4: sto99 db folded before Flop (didn't bet)
Seat 5: jeffi333 folded before Flop (didn't bet)
Seat 6: MazzaGR (button) folded before Flop (didn't bet)
Seat 8: déviblues (small blind) showed [Jd Js] and lost with three of a kind, Jacks



PokerStars Hand #257060723136: Tournament #3912024153, $4.80+$5.00+$1.20 USD Hold'em No Limit - Level II (60/120) - 2025/07/23 15:41:51 BRT [2025/07/23 14:41:51 ET]
Table '3912024153 1' 8-max Seat #1 is the button
Seat 1: Gabrielfs13 (10484 in chips, $7.50 bounty) 
Seat 2: 0PTI-MEN (3105 in chips, $5 bounty) 
Seat 3: PIatzhirsch (4964 in chips, $5 bounty) 
Seat 4: sto99 db (7548 in chips, $7.50 bounty) 
Seat 5: jeffi333 (13701 in chips, $7.50 bounty) 
Seat 6: MazzaGR (4396 in chips, $5 bounty) 
Seat 7: DrFlex247 (5000 in chips, $5 bounty) 
Gabrielfs13: posts the ante 18
0PTI-MEN: posts the ante 18
PIatzhirsch: posts the ante 18
sto99 db: posts the ante 18
jeffi333: posts the ante 18
MazzaGR: posts the ante 18
DrFlex247: posts the ante 18
0PTI-MEN: posts small blind 60
PIatzhirsch: posts big blind 120
*** HOLE CARDS ***
Dealt to Gabrielfs13 [2c Ah]
sto99 db: folds 
jeffi333: folds 
MazzaGR: folds 
DrFlex247: folds 
Stni2021 is disconnected 
Gabrielfs13: raises 120 to 240
0PTI-MEN: folds 
PIatzhirsch: folds 
Uncalled bet (120) returned to Gabrielfs13
Gabrielfs13 collected 426 from pot
Gabrielfs13: doesn't show hand 
*** SUMMARY ***
Total pot 426 | Rake 0 
Seat 1: Gabrielfs13 (button) collected (426)
Seat 2: 0PTI-MEN (small blind) folded before Flop
Seat 3: PIatzhirsch (big blind) folded before Flop
Seat 4: sto99 db folded before Flop (didn't bet)
Seat 5: jeffi333 folded before Flop (didn't bet)
Seat 6: MazzaGR folded before Flop (didn't bet)
Seat 7: DrFlex247 folded before Flop (didn't bet)



PokerStars Hand #257060728596: Tournament #3912024153, $4.80+$5.00+$1.20 USD Hold'em No Limit - Level II (60/120) - 2025/07/23 15:42:17 BRT [2025/07/23 14:42:17 ET]
Table '3912024153 1' 8-max Seat #2 is the button
Seat 1: Gabrielfs13 (10772 in chips, $7.50 bounty) 
Seat 2: 0PTI-MEN (3027 in chips, $5 bounty) 
Seat 3: PIatzhirsch (4826 in chips, $5 bounty) 
Seat 4: sto99 db (7530 in chips, $7.50 bounty) 
Seat 5: jeffi333 (13683 in chips, $7.50 bounty) 
Seat 6: MazzaGR (4378 in chips, $5 bounty) 
Seat 7: DrFlex247 (4982 in chips, $5 bounty) 
Seat 8: Stni2021 (5000 in chips, $5 bounty) 
Gabrielfs13: posts the ante 18
0PTI-MEN: posts the ante 18
PIatzhirsch: posts the ante 18
sto99 db: posts the ante 18
jeffi333: posts the ante 18
MazzaGR: posts the ante 18
DrFlex247: posts the ante 18
Stni2021: posts the ante 18
PIatzhirsch: posts small blind 60
sto99 db: posts big blind 120
*** HOLE CARDS ***
Dealt to Gabrielfs13 [Kc Ad]
jeffi333: calls 120
MazzaGR: raises 240 to 360
DrFlex247: folds 
Stni2021: folds 
Gabrielfs13: raises 1200 to 1560
0PTI-MEN: folds 
PIatzhirsch: folds 
sto99 db: folds 
jeffi333: folds 
MazzaGR: calls 1200
*** FLOP *** [4h 7s 4d]
MazzaGR: checks 
Gabrielfs13: bets 2940
MazzaGR: folds 
Uncalled bet (2940) returned to Gabrielfs13
Gabrielfs13 collected 3564 from pot
Gabrielfs13: doesn't show hand 
*** SUMMARY ***
Total pot 3564 | Rake 0 
Board [4h 7s 4d]
Seat 1: Gabrielfs13 collected (3564)
Seat 2: 0PTI-MEN (button) folded before Flop (didn't bet)
Seat 3: PIatzhirsch (small blind) folded before Flop
Seat 4: sto99 db (big blind) folded before Flop
Seat 5: jeffi333 folded before Flop
Seat 6: MazzaGR folded on the Flop
Seat 7: DrFlex247 folded before Flop (didn't bet)
Seat 8: Stni2021 folded before Flop (didn't bet)



PokerStars Hand #257060736650: Tournament #3912024153, $4.80+$5.00+$1.20 USD Hold'em No Limit - Level II (60/120) - 2025/07/23 15:42:54 BRT [2025/07/23 14:42:54 ET]
Table '3912024153 1' 8-max Seat #3 is the button
Seat 1: Gabrielfs13 (12758 in chips, $7.50 bounty) 
Seat 2: 0PTI-MEN (3009 in chips, $5 bounty) 
Seat 3: PIatzhirsch (4748 in chips, $5 bounty) 
Seat 4: sto99 db (7392 in chips, $7.50 bounty) 
Seat 5: jeffi333 (13545 in chips, $7.50 bounty) 
Seat 6: MazzaGR (2800 in chips, $5 bounty) 
Seat 7: DrFlex247 (4964 in chips, $5 bounty) 
Seat 8: Stni2021 (4982 in chips, $5 bounty) 
Gabrielfs13: posts the ante 18
0PTI-MEN: posts the ante 18
PIatzhirsch: posts the ante 18
sto99 db: posts the ante 18
jeffi333: posts the ante 18
MazzaGR: posts the ante 18
DrFlex247: posts the ante 18
Stni2021: posts the ante 18
sto99 db: posts small blind 60
jeffi333: posts big blind 120
*** HOLE CARDS ***
Dealt to Gabrielfs13 [2c 3d]
MazzaGR: folds 
DrFlex247: raises 144 to 264
Stni2021: calls 264
Gabrielfs13: folds 
0PTI-MEN: folds 
PIatzhirsch: folds 
sto99 db: folds 
jeffi333: folds 
*** FLOP *** [2d 5d 9s]
DrFlex247: bets 341
Stni2021: calls 341
*** TURN *** [2d 5d 9s] [4h]
DrFlex247: bets 614
Stni2021: folds 
Uncalled bet (614) returned to DrFlex247
DrFlex247 collected 1534 from pot
DrFlex247: doesn't show hand 
*** SUMMARY ***
Total pot 1534 | Rake 0 
Board [2d 5d 9s 4h]
Seat 1: Gabrielfs13 folded before Flop (didn't bet)
Seat 2: 0PTI-MEN folded before Flop (didn't bet)
Seat 3: PIatzhirsch (button) folded before Flop (didn't bet)
Seat 4: sto99 db (small blind) folded before Flop
Seat 5: jeffi333 (big blind) folded before Flop
Seat 6: MazzaGR folded before Flop (didn't bet)
Seat 7: DrFlex247 collected (1534)
Seat 8: Stni2021 folded on the Turn



PokerStars Hand #257060742485: Tournament #3912024153, $4.80+$5.00+$1.20 USD Hold'em No Limit - Level II (60/120) - 2025/07/23 15:43:21 BRT [2025/07/23 14:43:21 ET]
Table '3912024153 1' 8-max Seat #4 is the button
Seat 1: Gabrielfs13 (12740 in chips, $7.50 bounty) 
Seat 2: 0PTI-MEN (2991 in chips, $5 bounty) 
Seat 3: PIatzhirsch (4730 in chips, $5 bounty) 
Seat 4: sto99 db (7314 in chips, $7.50 bounty) 
Seat 5: jeffi333 (13407 in chips, $7.50 bounty) 
Seat 6: MazzaGR (2782 in chips, $5 bounty) 
Seat 7: DrFlex247 (5875 in chips, $5 bounty) 
Seat 8: Stni2021 (4359 in chips, $5 bounty) 
Gabrielfs13: posts the ante 18
0PTI-MEN: posts the ante 18
PIatzhirsch: posts the ante 18
sto99 db: posts the ante 18
jeffi333: posts the ante 18
MazzaGR: posts the ante 18
DrFlex247: posts the ante 18
Stni2021: posts the ante 18
jeffi333: posts small blind 60
MazzaGR: posts big blind 120
*** HOLE CARDS ***
Dealt to Gabrielfs13 [Ts 8c]
DrFlex247: folds 
Stni2021: folds 
Gabrielfs13: folds 
0PTI-MEN: raises 120 to 240
PIatzhirsch: folds 
sto99 db: folds 
jeffi333: calls 180
MazzaGR: calls 120
*** FLOP *** [Th Td 9c]
jeffi333: bets 360
MazzaGR: folds 
0PTI-MEN: raises 360 to 720
jeffi333: calls 360
*** TURN *** [Th Td 9c] [7h]
jeffi333: bets 12429 and is all-in
0PTI-MEN: folds 
Uncalled bet (12429) returned to jeffi333
jeffi333 collected 2304 from pot
jeffi333: doesn't show hand 
*** SUMMARY ***
Total pot 2304 | Rake 0 
Board [Th Td 9c 7h]
Seat 1: Gabrielfs13 folded before Flop (didn't bet)
Seat 2: 0PTI-MEN folded on the Turn
Seat 3: PIatzhirsch folded before Flop (didn't bet)
Seat 4: sto99 db (button) folded before Flop (didn't bet)
Seat 5: jeffi333 (small blind) collected (2304)
Seat 6: MazzaGR (big blind) folded on the Flop
Seat 7: DrFlex247 folded before Flop (didn't bet)
Seat 8: Stni2021 folded before Flop (didn't bet)



PokerStars Hand #257060753490: Tournament #3912024153, $4.80+$5.00+$1.20 USD Hold'em No Limit - Level III (70/140) - 2025/07/23 15:44:12 BRT [2025/07/23 14:44:12 ET]
Table '3912024153 1' 8-max Seat #5 is the button
Seat 1: Gabrielfs13 (12722 in chips, $7.50 bounty) 
Seat 2: 0PTI-MEN (2013 in chips, $5 bounty) 
Seat 3: PIatzhirsch (4712 in chips, $5 bounty) 
Seat 4: sto99 db (7296 in chips, $7.50 bounty) 
Seat 5: jeffi333 (14733 in chips, $7.50 bounty) 
Seat 6: MazzaGR (2524 in chips, $5 bounty) 
Seat 7: DrFlex247 (5857 in chips, $5 bounty) 
Seat 8: Stni2021 (4341 in chips, $5 bounty) 
Gabrielfs13: posts the ante 21
0PTI-MEN: posts the ante 21
PIatzhirsch: posts the ante 21
sto99 db: posts the ante 21
jeffi333: posts the ante 21
MazzaGR: posts the ante 21
DrFlex247: posts the ante 21
Stni2021: posts the ante 21
MazzaGR: posts small blind 70
DrFlex247: posts big blind 140
*** HOLE CARDS ***
Dealt to Gabrielfs13 [Jh 6h]
Stni2021: folds 
Gabrielfs13: folds 
0PTI-MEN: folds 
PIatzhirsch: folds 
sto99 db: folds 
jeffi333: calls 140
MazzaGR: raises 280 to 420
DrFlex247: raises 980 to 1400
jeffi333: folds 
MazzaGR: raises 1103 to 2503 and is all-in
DrFlex247: calls 1103
*** FLOP *** [7c 9h 9s]
*** TURN *** [7c 9h 9s] [6s]
*** RIVER *** [7c 9h 9s 6s] [2s]
*** SHOW DOWN ***
MazzaGR: shows [Jc Qs] (a pair of Nines)
DrFlex247: shows [Qd Qh] (two pair, Queens and Nines)
DrFlex247 collected 5314 from pot
DrFlex247 wins $2.50 for eliminating MazzaGR and their own bounty increases by $2.50 to $7.50
MazzaGR finished the tournament
*** SUMMARY ***
Total pot 5314 | Rake 0 
Board [7c 9h 9s 6s 2s]
Seat 1: Gabrielfs13 folded before Flop (didn't bet)
Seat 2: 0PTI-MEN folded before Flop (didn't bet)
Seat 3: PIatzhirsch folded before Flop (didn't bet)
Seat 4: sto99 db folded before Flop (didn't bet)
Seat 5: jeffi333 (button) folded before Flop
Seat 6: MazzaGR (small blind) showed [Jc Qs] and lost with a pair of Nines
Seat 7: DrFlex247 (big blind) showed [Qd Qh] and won (5314) with two pair, Queens and Nines
Seat 8: Stni2021 folded before Flop (didn't bet)



PokerStars Hand #257060760411: Tournament #3912024153, $4.80+$5.00+$1.20 USD Hold'em No Limit - Level III (70/140) - 2025/07/23 15:44:44 BRT [2025/07/23 14:44:44 ET]
Table '3912024153 1' 8-max Seat #7 is the button
Seat 1: Gabrielfs13 (12701 in chips, $7.50 bounty) 
Seat 2: 0PTI-MEN (1992 in chips, $5 bounty) 
Seat 3: PIatzhirsch (4691 in chips, $5 bounty) 
Seat 4: sto99 db (7275 in chips, $7.50 bounty) 
Seat 5: jeffi333 (14572 in chips, $7.50 bounty) 
Seat 7: DrFlex247 (8647 in chips, $7.50 bounty) 
Gabrielfs13: posts the ante 21
0PTI-MEN: posts the ante 21
PIatzhirsch: posts the ante 21
sto99 db: posts the ante 21
jeffi333: posts the ante 21
DrFlex247: posts the ante 21
Gabrielfs13: posts small blind 70
0PTI-MEN: posts big blind 140
*** HOLE CARDS ***
Dealt to Gabrielfs13 [7s 8d]
curigo is disconnected 
PIatzhirsch: folds 
sto99 db: calls 140
jeffi333: folds 
DrFlex247: folds 
Gabrielfs13: folds 
0PTI-MEN: raises 1831 to 1971 and is all-in
sto99 db: calls 1831
*** FLOP *** [6c 4s Td]
*** TURN *** [6c 4s Td] [Ah]
*** RIVER *** [6c 4s Td Ah] [5c]
*** SHOW DOWN ***
0PTI-MEN: shows [Qc Ad] (a pair of Aces)
sto99 db: shows [6d 6h] (three of a kind, Sixes)
sto99 db collected 4138 from pot
sto99 db wins $2.50 for eliminating 0PTI-MEN and their own bounty increases by $2.50 to $10
0PTI-MEN finished the tournament
*** SUMMARY ***
Total pot 4138 | Rake 0 
Board [6c 4s Td Ah 5c]
Seat 1: Gabrielfs13 (small blind) folded before Flop
Seat 2: 0PTI-MEN (big blind) showed [Qc Ad] and lost with a pair of Aces
Seat 3: PIatzhirsch folded before Flop (didn't bet)
Seat 4: sto99 db showed [6d 6h] and won (4138) with three of a kind, Sixes
Seat 5: jeffi333 folded before Flop (didn't bet)
Seat 7: DrFlex247 (button) folded before Flop (didn't bet)



PokerStars Hand #257060772786: Tournament #3912024153, $4.80+$5.00+$1.20 USD Hold'em No Limit - Level III (70/140) - 2025/07/23 15:45:40 BRT [2025/07/23 14:45:40 ET]
Table '3912024153 1' 8-max Seat #1 is the button
Seat 1: Gabrielfs13 (12610 in chips, $7.50 bounty) 
Seat 3: PIatzhirsch (4670 in chips, $5 bounty) 
Seat 4: sto99 db (9421 in chips, $10 bounty) 
Seat 5: jeffi333 (14551 in chips, $7.50 bounty) 
Seat 6: curigo (15690 in chips, $10 bounty) 
Seat 7: DrFlex247 (8626 in chips, $7.50 bounty) 
Seat 8: JustPro10 (3129 in chips, $7.50 bounty) 
Gabrielfs13: posts the ante 21
PIatzhirsch: posts the ante 21
sto99 db: posts the ante 21
jeffi333: posts the ante 21
curigo: posts the ante 21
DrFlex247: posts the ante 21
JustPro10: posts the ante 21
PIatzhirsch: posts small blind 70
sto99 db: posts big blind 140
*** HOLE CARDS ***
Dealt to Gabrielfs13 [Jc 7d]
jeffi333: folds 
curigo: folds 
DrFlex247: raises 168 to 308
JustPro10: folds 
Gabrielfs13: folds 
PIatzhirsch: folds 
sto99 db: folds 
Uncalled bet (168) returned to DrFlex247
DrFlex247 collected 497 from pot
DrFlex247: doesn't show hand 
*** SUMMARY ***
Total pot 497 | Rake 0 
Seat 1: Gabrielfs13 (button) folded before Flop (didn't bet)
Seat 3: PIatzhirsch (small blind) folded before Flop
Seat 4: sto99 db (big blind) folded before Flop
Seat 5: jeffi333 folded before Flop (didn't bet)
Seat 6: curigo folded before Flop (didn't bet)
Seat 7: DrFlex247 collected (497)
Seat 8: JustPro10 folded before Flop (didn't bet)



PokerStars Hand #257060777207: Tournament #3912024153, $4.80+$5.00+$1.20 USD Hold'em No Limit - Level III (70/140) - 2025/07/23 15:46:01 BRT [2025/07/23 14:46:01 ET]
Table '3912024153 1' 8-max Seat #3 is the button
Seat 1: Gabrielfs13 (12589 in chips, $7.50 bounty) 
Seat 3: PIatzhirsch (4579 in chips, $5 bounty) 
Seat 4: sto99 db (9260 in chips, $10 bounty) 
Seat 5: jeffi333 (14530 in chips, $7.50 bounty) 
Seat 6: curigo (15669 in chips, $10 bounty) 
Seat 7: DrFlex247 (8962 in chips, $7.50 bounty) 
Seat 8: JustPro10 (3108 in chips, $7.50 bounty) 
Gabrielfs13: posts the ante 21
PIatzhirsch: posts the ante 21
sto99 db: posts the ante 21
jeffi333: posts the ante 21
curigo: posts the ante 21
DrFlex247: posts the ante 21
JustPro10: posts the ante 21
sto99 db: posts small blind 70
jeffi333: posts big blind 140
*** HOLE CARDS ***
Dealt to Gabrielfs13 [Ts 2h]
curigo: calls 140
DrFlex247: folds 
JustPro10: folds 
Gabrielfs13: folds 
PIatzhirsch: raises 350 to 490
sto99 db: folds 
jeffi333: calls 350
curigo: calls 350
*** FLOP *** [Ad 4d Kd]
jeffi333: checks 
curigo: checks 
PIatzhirsch: bets 759
jeffi333: folds 
curigo: folds 
Uncalled bet (759) returned to PIatzhirsch
PIatzhirsch collected 1687 from pot
PIatzhirsch: doesn't show hand 
*** SUMMARY ***
Total pot 1687 | Rake 0 
Board [Ad 4d Kd]
Seat 1: Gabrielfs13 folded before Flop (didn't bet)
Seat 3: PIatzhirsch (button) collected (1687)
Seat 4: sto99 db (small blind) folded before Flop
Seat 5: jeffi333 (big blind) folded on the Flop
Seat 6: curigo folded on the Flop
Seat 7: DrFlex247 folded before Flop (didn't bet)
Seat 8: JustPro10 folded before Flop (didn't bet)



PokerStars Hand #257060788020: Tournament #3912024153, $4.80+$5.00+$1.20 USD Hold'em No Limit - Level III (70/140) - 2025/07/23 15:46:50 BRT [2025/07/23 14:46:50 ET]
Table '3912024153 1' 8-max Seat #4 is the button
Seat 1: Gabrielfs13 (12568 in chips, $7.50 bounty) 
Seat 3: PIatzhirsch (5755 in chips, $5 bounty) 
Seat 4: sto99 db (9169 in chips, $10 bounty) 
Seat 5: jeffi333 (14019 in chips, $7.50 bounty) 
Seat 6: curigo (15158 in chips, $10 bounty) 
Seat 7: DrFlex247 (8941 in chips, $7.50 bounty) 
Seat 8: JustPro10 (3087 in chips, $7.50 bounty) 
Gabrielfs13: posts the ante 21
PIatzhirsch: posts the ante 21
sto99 db: posts the ante 21
jeffi333: posts the ante 21
curigo: posts the ante 21
DrFlex247: posts the ante 21
JustPro10: posts the ante 21
jeffi333: posts small blind 70
curigo: posts big blind 140
*** HOLE CARDS ***
Dealt to Gabrielfs13 [6c Ah]
DrFlex247: raises 168 to 308
JustPro10: folds 
Gabrielfs13: folds 
PIatzhirsch: folds 
sto99 db: folds 
jeffi333: folds 
curigo: calls 168
*** FLOP *** [9h 3c 6d]
curigo: checks 
DrFlex247: bets 333
curigo: folds 
Uncalled bet (333) returned to DrFlex247
DrFlex247 collected 833 from pot
DrFlex247: doesn't show hand 
*** SUMMARY ***
Total pot 833 | Rake 0 
Board [9h 3c 6d]
Seat 1: Gabrielfs13 folded before Flop (didn't bet)
Seat 3: PIatzhirsch folded before Flop (didn't bet)
Seat 4: sto99 db (button) folded before Flop (didn't bet)
Seat 5: jeffi333 (small blind) folded before Flop
Seat 6: curigo (big blind) folded on the Flop
Seat 7: DrFlex247 collected (833)
Seat 8: JustPro10 folded before Flop (didn't bet)



PokerStars Hand #257060792727: Tournament #3912024153, $4.80+$5.00+$1.20 USD Hold'em No Limit - Level III (70/140) - 2025/07/23 15:47:11 BRT [2025/07/23 14:47:11 ET]
Table '3912024153 1' 8-max Seat #5 is the button
Seat 1: Gabrielfs13 (12547 in chips, $7.50 bounty) 
Seat 3: PIatzhirsch (5734 in chips, $5 bounty) 
Seat 4: sto99 db (9148 in chips, $10 bounty) 
Seat 5: jeffi333 (13928 in chips, $7.50 bounty) 
Seat 6: curigo (14829 in chips, $10 bounty) 
Seat 7: DrFlex247 (9445 in chips, $7.50 bounty) 
Seat 8: JustPro10 (3066 in chips, $7.50 bounty) 
Gabrielfs13: posts the ante 21
PIatzhirsch: posts the ante 21
sto99 db: posts the ante 21
jeffi333: posts the ante 21
curigo: posts the ante 21
DrFlex247: posts the ante 21
JustPro10: posts the ante 21
curigo: posts small blind 70
DrFlex247: posts big blind 140
*** HOLE CARDS ***
Dealt to Gabrielfs13 [3s 3h]
JustPro10: folds 
Gabrielfs13: raises 140 to 280
PIatzhirsch: folds 
sto99 db: folds 
jeffi333: calls 280
curigo: calls 210
DrFlex247: calls 140
*** FLOP *** [3d Jc Qs]
curigo: checks 
DrFlex247: checks 
Gabrielfs13: bets 634
jeffi333: folds 
curigo: calls 634
DrFlex247: folds 
*** TURN *** [3d Jc Qs] [7d]
curigo: checks 
Gabrielfs13: bets 3080
curigo: folds 
Uncalled bet (3080) returned to Gabrielfs13
Gabrielfs13 collected 2535 from pot
Gabrielfs13: doesn't show hand 
*** SUMMARY ***
Total pot 2535 | Rake 0 
Board [3d Jc Qs 7d]
Seat 1: Gabrielfs13 collected (2535)
Seat 3: PIatzhirsch folded before Flop (didn't bet)
Seat 4: sto99 db folded before Flop (didn't bet)
Seat 5: jeffi333 (button) folded on the Flop
Seat 6: curigo (small blind) folded on the Turn
Seat 7: DrFlex247 (big blind) folded on the Flop
Seat 8: JustPro10 folded before Flop (didn't bet)



PokerStars Hand #257060807136: Tournament #3912024153, $4.80+$5.00+$1.20 USD Hold'em No Limit - Level III (70/140) - 2025/07/23 15:48:17 BRT [2025/07/23 14:48:17 ET]
Table '3912024153 1' 8-max Seat #6 is the button
Seat 1: Gabrielfs13 (14147 in chips, $7.50 bounty) 
Seat 3: PIatzhirsch (5713 in chips, $5 bounty) 
Seat 4: sto99 db (9127 in chips, $10 bounty) 
Seat 5: jeffi333 (13627 in chips, $7.50 bounty) 
Seat 6: curigo (13894 in chips, $10 bounty) 
Seat 7: DrFlex247 (9144 in chips, $7.50 bounty) 
Seat 8: JustPro10 (3045 in chips, $7.50 bounty) 
Gabrielfs13: posts the ante 21
PIatzhirsch: posts the ante 21
sto99 db: posts the ante 21
jeffi333: posts the ante 21
curigo: posts the ante 21
DrFlex247: posts the ante 21
JustPro10: posts the ante 21
DrFlex247: posts small blind 70
JustPro10: posts big blind 140
*** HOLE CARDS ***
Dealt to Gabrielfs13 [Th 3d]
Gabrielfs13: folds 
PIatzhirsch: folds 
sto99 db: calls 140
jeffi333: folds 
curigo: raises 420 to 560
DrFlex247: folds 
JustPro10: folds 
sto99 db: calls 420
*** FLOP *** [3s 3h 5d]
sto99 db: checks 
curigo: bets 700
sto99 db: calls 700
*** TURN *** [3s 3h 5d] [6c]
sto99 db: checks 
curigo: bets 840
sto99 db: calls 840
*** RIVER *** [3s 3h 5d 6c] [9d]
MrMortgage1 is disconnected 
sto99 db: checks 
curigo: bets 1960
sto99 db: folds 
Uncalled bet (1960) returned to curigo
curigo collected 4557 from pot
curigo: doesn't show hand 
*** SUMMARY ***
Total pot 4557 | Rake 0 
Board [3s 3h 5d 6c 9d]
Seat 1: Gabrielfs13 folded before Flop (didn't bet)
Seat 3: PIatzhirsch folded before Flop (didn't bet)
Seat 4: sto99 db folded on the River
Seat 5: jeffi333 folded before Flop (didn't bet)
Seat 6: curigo (button) collected (4557)
Seat 7: DrFlex247 (small blind) folded before Flop
Seat 8: JustPro10 (big blind) folded before Flop



PokerStars Hand #257060821071: Tournament #3912024153, $4.80+$5.00+$1.20 USD Hold'em No Limit - Level IV (80/160) - 2025/07/23 15:49:22 BRT [2025/07/23 14:49:22 ET]
Table '3912024153 1' 8-max Seat #7 is the button
Seat 1: Gabrielfs13 (14126 in chips, $7.50 bounty) 
Seat 2: MrMortgage1 (5000 in chips, $5 bounty) 
Seat 3: PIatzhirsch (5692 in chips, $5 bounty) 
Seat 4: sto99 db (7006 in chips, $10 bounty) 
Seat 5: jeffi333 (13606 in chips, $7.50 bounty) 
Seat 6: curigo (16330 in chips, $10 bounty) 
Seat 7: DrFlex247 (9053 in chips, $7.50 bounty) 
Seat 8: JustPro10 (2884 in chips, $7.50 bounty) 
Gabrielfs13: posts the ante 24
MrMortgage1: posts the ante 24
PIatzhirsch: posts the ante 24
sto99 db: posts the ante 24
jeffi333: posts the ante 24
curigo: posts the ante 24
DrFlex247: posts the ante 24
JustPro10: posts the ante 24
JustPro10: posts small blind 80
Gabrielfs13: posts big blind 160
*** HOLE CARDS ***
Dealt to Gabrielfs13 [Ac Qs]
MrMortgage1: folds 
PIatzhirsch: folds 
sto99 db: folds 
jeffi333: folds 
curigo: folds 
DrFlex247: raises 192 to 352
JustPro10: folds 
Gabrielfs13: raises 1248 to 1600
DrFlex247: folds 
Uncalled bet (1248) returned to Gabrielfs13
Gabrielfs13 collected 976 from pot
Gabrielfs13: doesn't show hand 
*** SUMMARY ***
Total pot 976 | Rake 0 
Seat 1: Gabrielfs13 (big blind) collected (976)
Seat 2: MrMortgage1 folded before Flop (didn't bet)
Seat 3: PIatzhirsch folded before Flop (didn't bet)
Seat 4: sto99 db folded before Flop (didn't bet)
Seat 5: jeffi333 folded before Flop (didn't bet)
Seat 6: curigo folded before Flop (didn't bet)
Seat 7: DrFlex247 (button) folded before Flop
Seat 8: JustPro10 (small blind) folded before Flop



PokerStars Hand #257060828056: Tournament #3912024153, $4.80+$5.00+$1.20 USD Hold'em No Limit - Level IV (80/160) - 2025/07/23 15:49:54 BRT [2025/07/23 14:49:54 ET]
Table '3912024153 1' 8-max Seat #8 is the button
Seat 1: Gabrielfs13 (14726 in chips, $7.50 bounty) 
Seat 2: MrMortgage1 (4976 in chips, $5 bounty) 
Seat 3: PIatzhirsch (5668 in chips, $5 bounty) 
Seat 4: sto99 db (6982 in chips, $10 bounty) 
Seat 5: jeffi333 (13582 in chips, $7.50 bounty) 
Seat 6: curigo (16306 in chips, $10 bounty) 
Seat 7: DrFlex247 (8677 in chips, $7.50 bounty) 
Seat 8: JustPro10 (2780 in chips, $7.50 bounty) 
Gabrielfs13: posts the ante 24
MrMortgage1: posts the ante 24
PIatzhirsch: posts the ante 24
sto99 db: posts the ante 24
jeffi333: posts the ante 24
curigo: posts the ante 24
DrFlex247: posts the ante 24
JustPro10: posts the ante 24
Gabrielfs13: posts small blind 80
MrMortgage1: posts big blind 160
*** HOLE CARDS ***
Dealt to Gabrielfs13 [Qh Td]
PIatzhirsch: folds 
sto99 db: folds 
jeffi333: calls 160
curigo: calls 160
DrFlex247: folds 
JustPro10: raises 480 to 640
Gabrielfs13: folds 
MrMortgage1: folds 
jeffi333: calls 480
curigo: folds 
*** FLOP *** [9c 2d 4d]
jeffi333: checks 
JustPro10: bets 431
jeffi333: raises 12487 to 12918 and is all-in
JustPro10: calls 1685 and is all-in
Uncalled bet (10802) returned to jeffi333
*** TURN *** [9c 2d 4d] [Jc]
*** RIVER *** [9c 2d 4d Jc] [2c]
*** SHOW DOWN ***
jeffi333: shows [Qd Kd] (a pair of Deuces)
JustPro10: shows [Ah As] (two pair, Aces and Deuces)
JustPro10 collected 6104 from pot
*** SUMMARY ***
Total pot 6104 | Rake 0 
Board [9c 2d 4d Jc 2c]
Seat 1: Gabrielfs13 (small blind) folded before Flop
Seat 2: MrMortgage1 (big blind) folded before Flop
Seat 3: PIatzhirsch folded before Flop (didn't bet)
Seat 4: sto99 db folded before Flop (didn't bet)
Seat 5: jeffi333 showed [Qd Kd] and lost with a pair of Deuces
Seat 6: curigo folded before Flop
Seat 7: DrFlex247 folded before Flop (didn't bet)
Seat 8: JustPro10 (button) showed [Ah As] and won (6104) with two pair, Aces and Deuces



PokerStars Hand #257060840863: Tournament #3912024153, $4.80+$5.00+$1.20 USD Hold'em No Limit - Level IV (80/160) - 2025/07/23 15:50:54 BRT [2025/07/23 14:50:54 ET]
Table '3912024153 1' 8-max Seat #1 is the button
Seat 1: Gabrielfs13 (14622 in chips, $7.50 bounty) 
Seat 2: MrMortgage1 (4792 in chips, $5 bounty) 
Seat 3: PIatzhirsch (5644 in chips, $5 bounty) 
Seat 4: sto99 db (6958 in chips, $10 bounty) 
Seat 5: jeffi333 (10802 in chips, $7.50 bounty) 
Seat 6: curigo (16122 in chips, $10 bounty) 
Seat 7: DrFlex247 (8653 in chips, $7.50 bounty) 
Seat 8: JustPro10 (6104 in chips, $7.50 bounty) 
Gabrielfs13: posts the ante 24
MrMortgage1: posts the ante 24
PIatzhirsch: posts the ante 24
sto99 db: posts the ante 24
jeffi333: posts the ante 24
curigo: posts the ante 24
DrFlex247: posts the ante 24
JustPro10: posts the ante 24
MrMortgage1: posts small blind 80
PIatzhirsch: posts big blind 160
*** HOLE CARDS ***
Dealt to Gabrielfs13 [9d As]
sto99 db: folds 
jeffi333: folds 
curigo: folds 
DrFlex247: folds 
JustPro10: folds 
Gabrielfs13: raises 160 to 320
MrMortgage1: calls 240
PIatzhirsch: folds 
*** FLOP *** [Kd 5s Ad]
MrMortgage1: checks 
Gabrielfs13: bets 327
MrMortgage1: calls 327
*** TURN *** [Kd 5s Ad] [6d]
MrMortgage1: checks 
Gabrielfs13: bets 1086
MrMortgage1: calls 1086
*** RIVER *** [Kd 5s Ad 6d] [Ts]
MrMortgage1: checks 
Gabrielfs13: checks 
*** SHOW DOWN ***
MrMortgage1: shows [Td Kc] (two pair, Kings and Tens)
Gabrielfs13: mucks hand 
MrMortgage1 collected 3818 from pot
*** SUMMARY ***
Total pot 3818 | Rake 0 
Board [Kd 5s Ad 6d Ts]
Seat 1: Gabrielfs13 (button) mucked [9d As]
Seat 2: MrMortgage1 (small blind) showed [Td Kc] and won (3818) with two pair, Kings and Tens
Seat 3: PIatzhirsch (big blind) folded before Flop
Seat 4: sto99 db folded before Flop (didn't bet)
Seat 5: jeffi333 folded before Flop (didn't bet)
Seat 6: curigo folded before Flop (didn't bet)
Seat 7: DrFlex247 folded before Flop (didn't bet)
Seat 8: JustPro10 folded before Flop (didn't bet)



PokerStars Hand #257060848967: Tournament #3912024153, $4.80+$5.00+$1.20 USD Hold'em No Limit - Level IV (80/160) - 2025/07/23 15:51:31 BRT [2025/07/23 14:51:31 ET]
Table '3912024153 1' 8-max Seat #2 is the button
Seat 1: Gabrielfs13 (12865 in chips, $7.50 bounty) 
Seat 2: MrMortgage1 (6853 in chips, $5 bounty) 
Seat 3: PIatzhirsch (5460 in chips, $5 bounty) 
Seat 4: sto99 db (6934 in chips, $10 bounty) 
Seat 5: jeffi333 (10778 in chips, $7.50 bounty) 
Seat 6: curigo (16098 in chips, $10 bounty) 
Seat 7: DrFlex247 (8629 in chips, $7.50 bounty) 
Seat 8: JustPro10 (6080 in chips, $7.50 bounty) 
Gabrielfs13: posts the ante 24
MrMortgage1: posts the ante 24
PIatzhirsch: posts the ante 24
sto99 db: posts the ante 24
jeffi333: posts the ante 24
curigo: posts the ante 24
DrFlex247: posts the ante 24
JustPro10: posts the ante 24
PIatzhirsch: posts small blind 80
sto99 db: posts big blind 160
*** HOLE CARDS ***
Dealt to Gabrielfs13 [8h Jd]
jeffi333: folds 
curigo: folds 
DrFlex247: folds 
JustPro10: folds 
Gabrielfs13: folds 
MrMortgage1: folds 
PIatzhirsch: folds 
Uncalled bet (80) returned to sto99 db
sto99 db collected 352 from pot
sto99 db: doesn't show hand 
*** SUMMARY ***
Total pot 352 | Rake 0 
Seat 1: Gabrielfs13 folded before Flop (didn't bet)
Seat 2: MrMortgage1 (button) folded before Flop (didn't bet)
Seat 3: PIatzhirsch (small blind) folded before Flop
Seat 4: sto99 db (big blind) collected (352)
Seat 5: jeffi333 folded before Flop (didn't bet)
Seat 6: curigo folded before Flop (didn't bet)
Seat 7: DrFlex247 folded before Flop (didn't bet)
Seat 8: JustPro10 folded before Flop (didn't bet)



PokerStars Hand #257060852016: Tournament #3912024153, $4.80+$5.00+$1.20 USD Hold'em No Limit - Level IV (80/160) - 2025/07/23 15:51:45 BRT [2025/07/23 14:51:45 ET]
Table '3912024153 1' 8-max Seat #3 is the button
Seat 1: Gabrielfs13 (12841 in chips, $7.50 bounty) 
Seat 2: MrMortgage1 (6829 in chips, $5 bounty) 
Seat 3: PIatzhirsch (5356 in chips, $5 bounty) 
Seat 4: sto99 db (7182 in chips, $10 bounty) 
Seat 5: jeffi333 (10754 in chips, $7.50 bounty) 
Seat 6: curigo (16074 in chips, $10 bounty) 
Seat 7: DrFlex247 (8605 in chips, $7.50 bounty) 
Seat 8: JustPro10 (6056 in chips, $7.50 bounty) 
Gabrielfs13: posts the ante 24
MrMortgage1: posts the ante 24
PIatzhirsch: posts the ante 24
sto99 db: posts the ante 24
jeffi333: posts the ante 24
curigo: posts the ante 24
DrFlex247: posts the ante 24
JustPro10: posts the ante 24
sto99 db: posts small blind 80
jeffi333: posts big blind 160
*** HOLE CARDS ***
Dealt to Gabrielfs13 [6d Kc]
curigo: folds 
DrFlex247: folds 
JustPro10: folds 
Gabrielfs13: folds 
MrMortgage1: folds 
PIatzhirsch: folds 
sto99 db: folds 
Uncalled bet (80) returned to jeffi333
jeffi333 collected 352 from pot
jeffi333: doesn't show hand 
*** SUMMARY ***
Total pot 352 | Rake 0 
Seat 1: Gabrielfs13 folded before Flop (didn't bet)
Seat 2: MrMortgage1 folded before Flop (didn't bet)
Seat 3: PIatzhirsch (button) folded before Flop (didn't bet)
Seat 4: sto99 db (small blind) folded before Flop
Seat 5: jeffi333 (big blind) collected (352)
Seat 6: curigo folded before Flop (didn't bet)
Seat 7: DrFlex247 folded before Flop (didn't bet)
Seat 8: JustPro10 folded before Flop (didn't bet)



PokerStars Hand #257060855203: Tournament #3912024153, $4.80+$5.00+$1.20 USD Hold'em No Limit - Level IV (80/160) - 2025/07/23 15:52:00 BRT [2025/07/23 14:52:00 ET]
Table '3912024153 1' 8-max Seat #4 is the button
Seat 1: Gabrielfs13 (12817 in chips, $7.50 bounty) 
Seat 2: MrMortgage1 (6805 in chips, $5 bounty) 
Seat 3: PIatzhirsch (5332 in chips, $5 bounty) 
Seat 4: sto99 db (7078 in chips, $10 bounty) 
Seat 5: jeffi333 (11002 in chips, $7.50 bounty) 
Seat 6: curigo (16050 in chips, $10 bounty) 
Seat 7: DrFlex247 (8581 in chips, $7.50 bounty) 
Seat 8: JustPro10 (6032 in chips, $7.50 bounty) 
Gabrielfs13: posts the ante 24
MrMortgage1: posts the ante 24
PIatzhirsch: posts the ante 24
sto99 db: posts the ante 24
jeffi333: posts the ante 24
curigo: posts the ante 24
DrFlex247: posts the ante 24
JustPro10: posts the ante 24
jeffi333: posts small blind 80
curigo: posts big blind 160
*** HOLE CARDS ***
Dealt to Gabrielfs13 [8h 6c]
DrFlex247: folds 
JustPro10: raises 192 to 352
Gabrielfs13: folds 
MrMortgage1: folds 
PIatzhirsch: calls 352
sto99 db: calls 352
jeffi333: calls 272
curigo: raises 2528 to 2880
JustPro10: folds 
PIatzhirsch: folds 
sto99 db: folds 
jeffi333: calls 2528
*** FLOP *** [Ts 6s Qs]
jeffi333: bets 8098 and is all-in
curigo: calls 8098
*** TURN *** [Ts 6s Qs] [Td]
*** RIVER *** [Ts 6s Qs Td] [9d]
*** SHOW DOWN ***
jeffi333: shows [7c Ac] (a pair of Tens)
curigo: shows [Ad Qh] (two pair, Queens and Tens)
curigo collected 23204 from pot
curigo wins $3.75 for eliminating jeffi333 and their own bounty increases by $3.75 to $13.75
jeffi333 finished the tournament
*** SUMMARY ***
Total pot 23204 | Rake 0 
Board [Ts 6s Qs Td 9d]
Seat 1: Gabrielfs13 folded before Flop (didn't bet)
Seat 2: MrMortgage1 folded before Flop (didn't bet)
Seat 3: PIatzhirsch folded before Flop
Seat 4: sto99 db (button) folded before Flop
Seat 5: jeffi333 (small blind) showed [7c Ac] and lost with a pair of Tens
Seat 6: curigo (big blind) showed [Ad Qh] and won (23204) with two pair, Queens and Tens
Seat 7: DrFlex247 folded before Flop (didn't bet)
Seat 8: JustPro10 folded before Flop



PokerStars Hand #257060867765: Tournament #3912024153, $4.80+$5.00+$1.20 USD Hold'em No Limit - Level IV (80/160) - 2025/07/23 15:52:58 BRT [2025/07/23 14:52:58 ET]
Table '3912024153 1' 8-max Seat #6 is the button
Seat 1: Gabrielfs13 (12793 in chips, $7.50 bounty) 
Seat 2: MrMortgage1 (6781 in chips, $5 bounty) 
Seat 3: PIatzhirsch (4956 in chips, $5 bounty) 
Seat 4: sto99 db (6702 in chips, $10 bounty) 
Seat 6: curigo (28252 in chips, $13.75 bounty) 
Seat 7: DrFlex247 (8557 in chips, $7.50 bounty) 
Seat 8: JustPro10 (5656 in chips, $7.50 bounty) 
Gabrielfs13: posts the ante 24
MrMortgage1: posts the ante 24
PIatzhirsch: posts the ante 24
sto99 db: posts the ante 24
curigo: posts the ante 24
DrFlex247: posts the ante 24
JustPro10: posts the ante 24
DrFlex247: posts small blind 80
JustPro10: posts big blind 160
*** HOLE CARDS ***
Dealt to Gabrielfs13 [8h Qh]
Gabrielfs13: raises 160 to 320
MrMortgage1: folds 
PIatzhirsch: folds 
sto99 db: folds 
curigo: folds 
DrFlex247: folds 
JustPro10: folds 
Uncalled bet (160) returned to Gabrielfs13
Gabrielfs13 collected 568 from pot
Gabrielfs13: doesn't show hand 
*** SUMMARY ***
Total pot 568 | Rake 0 
Seat 1: Gabrielfs13 collected (568)
Seat 2: MrMortgage1 folded before Flop (didn't bet)
Seat 3: PIatzhirsch folded before Flop (didn't bet)
Seat 4: sto99 db folded before Flop (didn't bet)
Seat 6: curigo (button) folded before Flop (didn't bet)
Seat 7: DrFlex247 (small blind) folded before Flop
Seat 8: JustPro10 (big blind) folded before Flop



PokerStars Hand #257060872544: Tournament #3912024153, $4.80+$5.00+$1.20 USD Hold'em No Limit - Level IV (80/160) - 2025/07/23 15:53:20 BRT [2025/07/23 14:53:20 ET]
Table '3912024153 1' 8-max Seat #7 is the button
Seat 1: Gabrielfs13 (13177 in chips, $7.50 bounty) 
Seat 2: MrMortgage1 (6757 in chips, $5 bounty) 
Seat 3: PIatzhirsch (4932 in chips, $5 bounty) 
Seat 4: sto99 db (6678 in chips, $10 bounty) 
Seat 6: curigo (28228 in chips, $13.75 bounty) 
Seat 7: DrFlex247 (8453 in chips, $7.50 bounty) 
Seat 8: JustPro10 (5472 in chips, $7.50 bounty) 
Gabrielfs13: posts the ante 24
MrMortgage1: posts the ante 24
PIatzhirsch: posts the ante 24
sto99 db: posts the ante 24
curigo: posts the ante 24
DrFlex247: posts the ante 24
JustPro10: posts the ante 24
JustPro10: posts small blind 80
Gabrielfs13: posts big blind 160
*** HOLE CARDS ***
Dealt to Gabrielfs13 [5s 6h]
MrMortgage1: folds 
PIatzhirsch: folds 
sto99 db: raises 568 to 728
curigo: folds 
DrFlex247: folds 
JustPro10: folds 
Gabrielfs13: calls 568
*** FLOP *** [8d 7c As]
Gabrielfs13: checks 
sto99 db: bets 5926 and is all-in
Gabrielfs13: calls 5926
*** TURN *** [8d 7c As] [Qc]
*** RIVER *** [8d 7c As Qc] [Qh]
*** SHOW DOWN ***
Gabrielfs13: shows [5s 6h] (a pair of Queens)
sto99 db: shows [Ks Kd] (two pair, Kings and Queens)
sto99 db collected 13556 from pot
*** SUMMARY ***
Total pot 13556 | Rake 0 
Board [8d 7c As Qc Qh]
Seat 1: Gabrielfs13 (big blind) showed [5s 6h] and lost with a pair of Queens
Seat 2: MrMortgage1 folded before Flop (didn't bet)
Seat 3: PIatzhirsch folded before Flop (didn't bet)
Seat 4: sto99 db showed [Ks Kd] and won (13556) with two pair, Kings and Queens
Seat 6: curigo folded before Flop (didn't bet)
Seat 7: DrFlex247 (button) folded before Flop (didn't bet)
Seat 8: JustPro10 (small blind) folded before Flop



PokerStars Hand #257060880428: Tournament #3912024153, $4.80+$5.00+$1.20 USD Hold'em No Limit - Level IV (80/160) - 2025/07/23 15:53:57 BRT [2025/07/23 14:53:57 ET]
Table '3912024153 1' 8-max Seat #8 is the button
Seat 1: Gabrielfs13 (6499 in chips, $7.50 bounty) 
Seat 2: MrMortgage1 (6733 in chips, $5 bounty) 
Seat 3: PIatzhirsch (4908 in chips, $5 bounty) 
Seat 4: sto99 db (13556 in chips, $10 bounty) 
Seat 6: curigo (28204 in chips, $13.75 bounty) 
Seat 7: DrFlex247 (8429 in chips, $7.50 bounty) 
Seat 8: JustPro10 (5368 in chips, $7.50 bounty) 
Gabrielfs13: posts the ante 24
MrMortgage1: posts the ante 24
PIatzhirsch: posts the ante 24
sto99 db: posts the ante 24
curigo: posts the ante 24
DrFlex247: posts the ante 24
JustPro10: posts the ante 24
Gabrielfs13: posts small blind 80
MrMortgage1: posts big blind 160
*** HOLE CARDS ***
Dealt to Gabrielfs13 [4s 8s]
PIatzhirsch: raises 160 to 320
jessicaraymo is disconnected 
sto99 db: folds 
curigo: calls 320
DrFlex247: calls 320
JustPro10: folds 
Gabrielfs13: folds 
MrMortgage1: calls 160
*** FLOP *** [Td 2d 5h]
MrMortgage1: checks 
PIatzhirsch: bets 688
curigo: folds 
DrFlex247: calls 688
MrMortgage1: folds 
*** TURN *** [Td 2d 5h] [Ad]
PIatzhirsch: bets 1307
DrFlex247: calls 1307
*** RIVER *** [Td 2d 5h Ad] [6d]
PIatzhirsch: checks 
DrFlex247: bets 6090 and is all-in
PIatzhirsch: folds 
Uncalled bet (6090) returned to DrFlex247
DrFlex247 collected 5518 from pot
DrFlex247: doesn't show hand 
*** SUMMARY ***
Total pot 5518 | Rake 0 
Board [Td 2d 5h Ad 6d]
Seat 1: Gabrielfs13 (small blind) folded before Flop
Seat 2: MrMortgage1 (big blind) folded on the Flop
Seat 3: PIatzhirsch folded on the River
Seat 4: sto99 db folded before Flop (didn't bet)
Seat 6: curigo folded on the Flop
Seat 7: DrFlex247 collected (5518)
Seat 8: JustPro10 (button) folded before Flop (didn't bet)



PokerStars Hand #257060952272: Tournament #3912024153, $4.80+$5.00+$1.20 USD Hold'em No Limit - Level V (90/180) - 2025/07/23 16:01:12 BRT [2025/07/23 15:01:12 ET]
Table '3912024153 1' 8-max Seat #1 is the button
Seat 1: Gabrielfs13 (6395 in chips, $7.50 bounty) 
Seat 2: MrMortgage1 (6389 in chips, $5 bounty) 
Seat 3: PIatzhirsch (2569 in chips, $5 bounty) 
Seat 4: sto99 db (13532 in chips, $10 bounty) 
Seat 5: gixter14 (5000 in chips, $5 bounty) 
Seat 6: curigo (27860 in chips, $13.75 bounty) 
Seat 7: DrFlex247 (11608 in chips, $7.50 bounty) 
Gabrielfs13: posts the ante 27
MrMortgage1: posts the ante 27
PIatzhirsch: posts the ante 27
sto99 db: posts the ante 27
gixter14: posts the ante 27
curigo: posts the ante 27
DrFlex247: posts the ante 27
MrMortgage1: posts small blind 90
PIatzhirsch: posts big blind 180
*** HOLE CARDS ***
Dealt to Gabrielfs13 [Qh 6s]
sto99 db: folds 
gixter14: folds 
curigo: folds 
DrFlex247: folds 
Gabrielfs13: folds 
MrMortgage1: folds 
Uncalled bet (90) returned to PIatzhirsch
PIatzhirsch collected 369 from pot
PIatzhirsch: doesn't show hand 
*** SUMMARY ***
Total pot 369 | Rake 0 
Seat 1: Gabrielfs13 (button) folded before Flop (didn't bet)
Seat 2: MrMortgage1 (small blind) folded before Flop
Seat 3: PIatzhirsch (big blind) collected (369)
Seat 4: sto99 db folded before Flop (didn't bet)
Seat 5: gixter14 folded before Flop (didn't bet)
Seat 6: curigo folded before Flop (didn't bet)
Seat 7: DrFlex247 folded before Flop (didn't bet)



PokerStars Hand #257060959245: Tournament #3912024153, $4.80+$5.00+$1.20 USD Hold'em No Limit - Level V (90/180) - 2025/07/23 16:01:46 BRT [2025/07/23 15:01:46 ET]
Table '3912024153 1' 8-max Seat #2 is the button
Seat 1: Gabrielfs13 (6368 in chips, $7.50 bounty) 
Seat 2: MrMortgage1 (6272 in chips, $5 bounty) 
Seat 3: PIatzhirsch (2821 in chips, $5 bounty) 
Seat 4: sto99 db (13505 in chips, $10 bounty) 
Seat 5: gixter14 (4973 in chips, $5 bounty) 
Seat 6: curigo (27833 in chips, $13.75 bounty) 
Seat 7: DrFlex247 (11581 in chips, $7.50 bounty) 
Gabrielfs13: posts the ante 27
MrMortgage1: posts the ante 27
PIatzhirsch: posts the ante 27
sto99 db: posts the ante 27
gixter14: posts the ante 27
curigo: posts the ante 27
DrFlex247: posts the ante 27
PIatzhirsch: posts small blind 90
sto99 db: posts big blind 180
*** HOLE CARDS ***
Dealt to Gabrielfs13 [Tc 2h]
gixter14: folds 
curigo: folds 
DrFlex247: folds 
Gabrielfs13: folds 
MrMortgage1: folds 
PIatzhirsch: raises 2614 to 2794 and is all-in
sto99 db: calls 2614
*** FLOP *** [3c 6c 3s]
*** TURN *** [3c 6c 3s] [3h]
*** RIVER *** [3c 6c 3s 3h] [9h]
*** SHOW DOWN ***
PIatzhirsch: shows [8h 8c] (a full house, Threes full of Eights)
sto99 db: shows [Ac 6s] (a full house, Threes full of Sixes)
PIatzhirsch collected 5777 from pot
*** SUMMARY ***
Total pot 5777 | Rake 0 
Board [3c 6c 3s 3h 9h]
Seat 1: Gabrielfs13 folded before Flop (didn't bet)
Seat 2: MrMortgage1 (button) folded before Flop (didn't bet)
Seat 3: PIatzhirsch (small blind) showed [8h 8c] and won (5777) with a full house, Threes full of Eights
Seat 4: sto99 db (big blind) showed [Ac 6s] and lost with a full house, Threes full of Sixes
Seat 5: gixter14 folded before Flop (didn't bet)
Seat 6: curigo folded before Flop (didn't bet)
Seat 7: DrFlex247 folded before Flop (didn't bet)



PokerStars Hand #257060964281: Tournament #3912024153, $4.80+$5.00+$1.20 USD Hold'em No Limit - Level V (90/180) - 2025/07/23 16:02:11 BRT [2025/07/23 15:02:11 ET]
Table '3912024153 1' 8-max Seat #3 is the button
Seat 1: Gabrielfs13 (6341 in chips, $7.50 bounty) 
Seat 2: MrMortgage1 (6245 in chips, $5 bounty) 
Seat 3: PIatzhirsch (5777 in chips, $5 bounty) 
Seat 4: sto99 db (10684 in chips, $10 bounty) 
Seat 5: gixter14 (4946 in chips, $5 bounty) 
Seat 6: curigo (27806 in chips, $13.75 bounty) 
Seat 7: DrFlex247 (11554 in chips, $7.50 bounty) 
Gabrielfs13: posts the ante 27
MrMortgage1: posts the ante 27
PIatzhirsch: posts the ante 27
sto99 db: posts the ante 27
gixter14: posts the ante 27
curigo: posts the ante 27
DrFlex247: posts the ante 27
sto99 db: posts small blind 90
gixter14: posts big blind 180
*** HOLE CARDS ***
Dealt to Gabrielfs13 [Th Tc]
curigo: folds 
DrFlex247: raises 216 to 396
Gabrielfs13: raises 684 to 1080
MrMortgage1: folds 
hayashi12 is disconnected 
PIatzhirsch: folds 
sto99 db: calls 990
gixter14: folds 
DrFlex247: calls 684
*** FLOP *** [5d 7c As]
sto99 db: checks 
DrFlex247: checks 
Gabrielfs13: checks 
*** TURN *** [5d 7c As] [7s]
sto99 db: checks 
DrFlex247: bets 1404
Gabrielfs13: folds 
sto99 db: folds 
Uncalled bet (1404) returned to DrFlex247
DrFlex247 collected 3609 from pot
DrFlex247: doesn't show hand 
*** SUMMARY ***
Total pot 3609 | Rake 0 
Board [5d 7c As 7s]
Seat 1: Gabrielfs13 folded on the Turn
Seat 2: MrMortgage1 folded before Flop (didn't bet)
Seat 3: PIatzhirsch (button) folded before Flop (didn't bet)
Seat 4: sto99 db (small blind) folded on the Turn
Seat 5: gixter14 (big blind) folded before Flop
Seat 6: curigo folded before Flop (didn't bet)
Seat 7: DrFlex247 collected (3609)



PokerStars Hand #257060975722: Tournament #3912024153, $4.80+$5.00+$1.20 USD Hold'em No Limit - Level V (90/180) - 2025/07/23 16:03:03 BRT [2025/07/23 15:03:03 ET]
Table '3912024153 1' 8-max Seat #4 is the button
Seat 1: Gabrielfs13 (5234 in chips, $7.50 bounty) 
Seat 2: MrMortgage1 (6218 in chips, $5 bounty) 
Seat 3: PIatzhirsch (5750 in chips, $5 bounty) 
Seat 4: sto99 db (9577 in chips, $10 bounty) 
Seat 5: gixter14 (4739 in chips, $5 bounty) 
Seat 6: curigo (27779 in chips, $13.75 bounty) 
Seat 7: DrFlex247 (14056 in chips, $7.50 bounty) 
Seat 8: hayashi12 (5000 in chips, $5 bounty) 
Gabrielfs13: posts the ante 27
MrMortgage1: posts the ante 27
PIatzhirsch: posts the ante 27
sto99 db: posts the ante 27
gixter14: posts the ante 27
curigo: posts the ante 27
DrFlex247: posts the ante 27
hayashi12: posts the ante 27
gixter14: posts small blind 90
curigo: posts big blind 180
*** HOLE CARDS ***
Dealt to Gabrielfs13 [As Ad]
DrFlex247: folds 
hayashi12: folds 
Gabrielfs13: raises 180 to 360
MrMortgage1: folds 
PIatzhirsch: calls 360
sto99 db: folds 
gixter14: calls 270
curigo: calls 180
*** FLOP *** [4s 7d 7h]
gixter14: checks 
curigo: checks 
Gabrielfs13: bets 546
PIatzhirsch: folds 
gixter14: folds 
curigo: folds 
Uncalled bet (546) returned to Gabrielfs13
Gabrielfs13 collected 1656 from pot
Gabrielfs13: doesn't show hand 
*** SUMMARY ***
Total pot 1656 | Rake 0 
Board [4s 7d 7h]
Seat 1: Gabrielfs13 collected (1656)
Seat 2: MrMortgage1 folded before Flop (didn't bet)
Seat 3: PIatzhirsch folded on the Flop
Seat 4: sto99 db (button) folded before Flop (didn't bet)
Seat 5: gixter14 (small blind) folded on the Flop
Seat 6: curigo (big blind) folded on the Flop
Seat 7: DrFlex247 folded before Flop (didn't bet)
Seat 8: hayashi12 folded before Flop (didn't bet)



PokerStars Hand #257060986425: Tournament #3912024153, $4.80+$5.00+$1.20 USD Hold'em No Limit - Level V (90/180) - 2025/07/23 16:03:53 BRT [2025/07/23 15:03:53 ET]
Table '3912024153 1' 8-max Seat #5 is the button
Seat 1: Gabrielfs13 (6503 in chips, $7.50 bounty) 
Seat 2: MrMortgage1 (6191 in chips, $5 bounty) 
Seat 3: PIatzhirsch (5363 in chips, $5 bounty) 
Seat 4: sto99 db (9550 in chips, $10 bounty) 
Seat 5: gixter14 (4352 in chips, $5 bounty) 
Seat 6: curigo (27392 in chips, $13.75 bounty) 
Seat 7: DrFlex247 (14029 in chips, $7.50 bounty) 
Seat 8: hayashi12 (4973 in chips, $5 bounty) 
Gabrielfs13: posts the ante 27
MrMortgage1: posts the ante 27
PIatzhirsch: posts the ante 27
sto99 db: posts the ante 27
gixter14: posts the ante 27
curigo: posts the ante 27
DrFlex247: posts the ante 27
hayashi12: posts the ante 27
curigo: posts small blind 90
DrFlex247: posts big blind 180
*** HOLE CARDS ***
Dealt to Gabrielfs13 [9c Kh]
hayashi12: folds 
Gabrielfs13: folds 
MrMortgage1: folds 
PIatzhirsch: folds 
sto99 db: calls 180
gixter14: calls 180
curigo: raises 540 to 720
DrFlex247: folds 
sto99 db: calls 540
gixter14: calls 540
*** FLOP *** [8h 6d Qc]
curigo: bets 540
sto99 db: calls 540
gixter14: folds 
*** TURN *** [8h 6d Qc] [8c]
curigo: bets 900
sto99 db: folds 
Uncalled bet (900) returned to curigo
curigo collected 3636 from pot
curigo: doesn't show hand 
*** SUMMARY ***
Total pot 3636 | Rake 0 
Board [8h 6d Qc 8c]
Seat 1: Gabrielfs13 folded before Flop (didn't bet)
Seat 2: MrMortgage1 folded before Flop (didn't bet)
Seat 3: PIatzhirsch folded before Flop (didn't bet)
Seat 4: sto99 db folded on the Turn
Seat 5: gixter14 (button) folded on the Flop
Seat 6: curigo (small blind) collected (3636)
Seat 7: DrFlex247 (big blind) folded before Flop
Seat 8: hayashi12 folded before Flop (didn't bet)



PokerStars Hand #257060998658: Tournament #3912024153, $4.80+$5.00+$1.20 USD Hold'em No Limit - Level V (90/180) - 2025/07/23 16:04:50 BRT [2025/07/23 15:04:50 ET]
Table '3912024153 1' 8-max Seat #6 is the button
Seat 1: Gabrielfs13 (6476 in chips, $7.50 bounty) 
Seat 2: MrMortgage1 (6164 in chips, $5 bounty) 
Seat 3: PIatzhirsch (5336 in chips, $5 bounty) 
Seat 4: sto99 db (8263 in chips, $10 bounty) 
Seat 5: gixter14 (3605 in chips, $5 bounty) 
Seat 6: curigo (29741 in chips, $13.75 bounty) 
Seat 7: DrFlex247 (13822 in chips, $7.50 bounty) 
Seat 8: hayashi12 (4946 in chips, $5 bounty) 
Gabrielfs13: posts the ante 27
MrMortgage1: posts the ante 27
PIatzhirsch: posts the ante 27
sto99 db: posts the ante 27
gixter14: posts the ante 27
curigo: posts the ante 27
DrFlex247: posts the ante 27
hayashi12: posts the ante 27
DrFlex247: posts small blind 90
hayashi12: posts big blind 180
*** HOLE CARDS ***
Dealt to Gabrielfs13 [7c 2c]
Gabrielfs13: folds 
MrMortgage1: folds 
PIatzhirsch: folds 
sto99 db: folds 
gixter14: folds 
curigo: raises 360 to 540
DrFlex247: folds 
hayashi12: calls 360
*** FLOP *** [Ts 3c Kc]
hayashi12: checks 
curigo: bets 540
hayashi12: calls 540
*** TURN *** [Ts 3c Kc] [Qc]
hayashi12: checks 
curigo: checks 
*** RIVER *** [Ts 3c Kc Qc] [9c]
hayashi12: bets 540
curigo: calls 540
*** SHOW DOWN ***
hayashi12: shows [Jc Kd] (a flush, King high)
curigo: mucks hand 
hayashi12 collected 3546 from pot
*** SUMMARY ***
Total pot 3546 | Rake 0 
Board [Ts 3c Kc Qc 9c]
Seat 1: Gabrielfs13 folded before Flop (didn't bet)
Seat 2: MrMortgage1 folded before Flop (didn't bet)
Seat 3: PIatzhirsch folded before Flop (didn't bet)
Seat 4: sto99 db folded before Flop (didn't bet)
Seat 5: gixter14 folded before Flop (didn't bet)
Seat 6: curigo (button) mucked [Ad 8c]
Seat 7: DrFlex247 (small blind) folded before Flop
Seat 8: hayashi12 (big blind) showed [Jc Kd] and won (3546) with a flush, King high



PokerStars Hand #257061013920: Tournament #3912024153, $4.80+$5.00+$1.20 USD Hold'em No Limit - Level VI (100/200) - 2025/07/23 16:05:58 BRT [2025/07/23 15:05:58 ET]
Table '3912024153 1' 8-max Seat #7 is the button
Seat 1: Gabrielfs13 (6449 in chips, $7.50 bounty) 
Seat 3: PIatzhirsch (5309 in chips, $5 bounty) 
Seat 4: sto99 db (8236 in chips, $10 bounty) 
Seat 5: gixter14 (3578 in chips, $5 bounty) 
Seat 6: curigo (28094 in chips, $13.75 bounty) 
Seat 7: DrFlex247 (13705 in chips, $7.50 bounty) 
Seat 8: hayashi12 (6845 in chips, $5 bounty) 
Gabrielfs13: posts the ante 30
PIatzhirsch: posts the ante 30
sto99 db: posts the ante 30
gixter14: posts the ante 30
curigo: posts the ante 30
DrFlex247: posts the ante 30
hayashi12: posts the ante 30
hayashi12: posts small blind 100
Gabrielfs13: posts big blind 200
*** HOLE CARDS ***
Dealt to Gabrielfs13 [Ks 9c]
PIatzhirsch: raises 200 to 400
sto99 db: calls 400
gixter14: folds 
curigo: folds 
DrFlex247: folds 
hayashi12: folds 
Gabrielfs13: calls 200
*** FLOP *** [4d As Ts]
Gabrielfs13: checks 
PIatzhirsch: bets 680
sto99 db: folds 
Gabrielfs13: folds 
Uncalled bet (680) returned to PIatzhirsch
PIatzhirsch collected 1510 from pot
PIatzhirsch: doesn't show hand 
*** SUMMARY ***
Total pot 1510 | Rake 0 
Board [4d As Ts]
Seat 1: Gabrielfs13 (big blind) folded on the Flop
Seat 3: PIatzhirsch collected (1510)
Seat 4: sto99 db folded on the Flop
Seat 5: gixter14 folded before Flop (didn't bet)
Seat 6: curigo folded before Flop (didn't bet)
Seat 7: DrFlex247 (button) folded before Flop (didn't bet)
Seat 8: hayashi12 (small blind) folded before Flop



PokerStars Hand #257061025265: Tournament #3912024153, $4.80+$5.00+$1.20 USD Hold'em No Limit - Level VI (100/200) - 2025/07/23 16:06:48 BRT [2025/07/23 15:06:48 ET]
Table '3912024153 1' 8-max Seat #8 is the button
Seat 1: Gabrielfs13 (6019 in chips, $7.50 bounty) 
Seat 2: WPTdibby (5000 in chips, $5 bounty) 
Seat 3: PIatzhirsch (6389 in chips, $5 bounty) 
Seat 4: sto99 db (7806 in chips, $10 bounty) 
Seat 5: gixter14 (3548 in chips, $5 bounty) 
Seat 6: curigo (28064 in chips, $13.75 bounty) 
Seat 7: DrFlex247 (13675 in chips, $7.50 bounty) 
Seat 8: hayashi12 (6715 in chips, $5 bounty) 
Gabrielfs13: posts the ante 30
WPTdibby: posts the ante 30
PIatzhirsch: posts the ante 30
sto99 db: posts the ante 30
gixter14: posts the ante 30
curigo: posts the ante 30
DrFlex247: posts the ante 30
hayashi12: posts the ante 30
Gabrielfs13: posts small blind 100
WPTdibby: posts big blind 200
*** HOLE CARDS ***
Dealt to Gabrielfs13 [6s Jd]
PIatzhirsch: folds 
sto99 db: raises 740 to 940
gixter14: calls 940
curigo: folds 
DrFlex247: folds 
hayashi12: folds 
Gabrielfs13: folds 
WPTdibby has timed out while disconnected
WPTdibby: folds 
WPTdibby is sitting out
*** FLOP *** [8d 8c 7h]
sto99 db: checks 
gixter14: checks 
*** TURN *** [8d 8c 7h] [3h]
sto99 db: checks 
gixter14: checks 
*** RIVER *** [8d 8c 7h 3h] [3s]
sto99 db: bets 2600
gixter14: folds 
Uncalled bet (2600) returned to sto99 db
sto99 db collected 2420 from pot
sto99 db: doesn't show hand 
*** SUMMARY ***
Total pot 2420 | Rake 0 
Board [8d 8c 7h 3h 3s]
Seat 1: Gabrielfs13 (small blind) folded before Flop
Seat 2: WPTdibby (big blind) folded before Flop
Seat 3: PIatzhirsch folded before Flop (didn't bet)
Seat 4: sto99 db collected (2420)
Seat 5: gixter14 folded on the River
Seat 6: curigo folded before Flop (didn't bet)
Seat 7: DrFlex247 folded before Flop (didn't bet)
Seat 8: hayashi12 (button) folded before Flop (didn't bet)



PokerStars Hand #257061040124: Tournament #3912024153, $4.80+$5.00+$1.20 USD Hold'em No Limit - Level VI (100/200) - 2025/07/23 16:07:53 BRT [2025/07/23 15:07:53 ET]
Table '3912024153 1' 8-max Seat #1 is the button
Seat 1: Gabrielfs13 (5889 in chips, $7.50 bounty) 
Seat 2: WPTdibby (4770 in chips, $5 bounty) is sitting out
Seat 3: PIatzhirsch (6359 in chips, $5 bounty) 
Seat 5: gixter14 (2578 in chips, $5 bounty) 
Seat 6: curigo (28034 in chips, $13.75 bounty) 
Seat 7: DrFlex247 (13645 in chips, $7.50 bounty) 
Seat 8: hayashi12 (6685 in chips, $5 bounty) 
Gabrielfs13: posts the ante 30
WPTdibby: posts the ante 30
PIatzhirsch: posts the ante 30
gixter14: posts the ante 30
curigo: posts the ante 30
DrFlex247: posts the ante 30
hayashi12: posts the ante 30
WPTdibby: posts small blind 100
PIatzhirsch: posts big blind 200
*** HOLE CARDS ***
Dealt to Gabrielfs13 [Ad Kh]
gixter14: folds 
curigo: folds 
DrFlex247: folds 
hayashi12: folds 
Gabrielfs13: raises 200 to 400
WPTdibby: folds 
PIatzhirsch: calls 200
*** FLOP *** [7h Kd 4d]
PIatzhirsch: checks 
Gabrielfs13: bets 300
PIatzhirsch: calls 300
*** TURN *** [7h Kd 4d] [Qs]
PIatzhirsch: checks 
Gabrielfs13: bets 855
PIatzhirsch: folds 
Uncalled bet (855) returned to Gabrielfs13
Gabrielfs13 collected 1710 from pot
Gabrielfs13: doesn't show hand 
*** SUMMARY ***
Total pot 1710 | Rake 0 
Board [7h Kd 4d Qs]
Seat 1: Gabrielfs13 (button) collected (1710)
Seat 2: WPTdibby (small blind) folded before Flop
Seat 3: PIatzhirsch (big blind) folded on the Turn
Seat 5: gixter14 folded before Flop (didn't bet)
Seat 6: curigo folded before Flop (didn't bet)
Seat 7: DrFlex247 folded before Flop (didn't bet)
Seat 8: hayashi12 folded before Flop (didn't bet)



PokerStars Hand #257061049446: Tournament #3912024153, $4.80+$5.00+$1.20 USD Hold'em No Limit - Level VI (100/200) - 2025/07/23 16:08:34 BRT [2025/07/23 15:08:34 ET]
Table '3912024153 1' 8-max Seat #2 is the button
Seat 1: Gabrielfs13 (6869 in chips, $7.50 bounty) 
Seat 2: WPTdibby (4640 in chips, $5 bounty) is sitting out
Seat 3: PIatzhirsch (5629 in chips, $5 bounty) 
Seat 5: gixter14 (2548 in chips, $5 bounty) 
Seat 6: curigo (28004 in chips, $13.75 bounty) 
Seat 7: DrFlex247 (13615 in chips, $7.50 bounty) 
Seat 8: hayashi12 (6655 in chips, $5 bounty) 
Gabrielfs13: posts the ante 30
WPTdibby: posts the ante 30
PIatzhirsch: posts the ante 30
gixter14: posts the ante 30
curigo: posts the ante 30
DrFlex247: posts the ante 30
hayashi12: posts the ante 30
PIatzhirsch: posts small blind 100
gixter14: posts big blind 200
*** HOLE CARDS ***
Dealt to Gabrielfs13 [Js 4d]
curigo: folds 
DrFlex247: raises 240 to 440
hayashi12: raises 760 to 1200
Gabrielfs13: folds 
WPTdibby: folds 
PIatzhirsch: folds 
gixter14: raises 1318 to 2518 and is all-in
DrFlex247: folds 
hayashi12: calls 1318
*** FLOP *** [Kd 6d 3s]
*** TURN *** [Kd 6d 3s] [8c]
*** RIVER *** [Kd 6d 3s 8c] [5h]
*** SHOW DOWN ***
gixter14: shows [As 9s] (high card Ace)
hayashi12: shows [Kc Qd] (a pair of Kings)
hayashi12 collected 5786 from pot
hayashi12 wins $2.50 for eliminating gixter14 and their own bounty increases by $2.50 to $7.50
gixter14 finished the tournament
*** SUMMARY ***
Total pot 5786 | Rake 0 
Board [Kd 6d 3s 8c 5h]
Seat 1: Gabrielfs13 folded before Flop (didn't bet)
Seat 2: WPTdibby (button) folded before Flop (didn't bet)
Seat 3: PIatzhirsch (small blind) folded before Flop
Seat 5: gixter14 (big blind) showed [As 9s] and lost with high card Ace
Seat 6: curigo folded before Flop (didn't bet)
Seat 7: DrFlex247 folded before Flop
Seat 8: hayashi12 showed [Kc Qd] and won (5786) with a pair of Kings



PokerStars Hand #257061061430: Tournament #3912024153, $4.80+$5.00+$1.20 USD Hold'em No Limit - Level VI (100/200) - 2025/07/23 16:09:26 BRT [2025/07/23 15:09:26 ET]
Table '3912024153 10' 8-max Seat #7 is the button
Seat 1: MazzaGR (4076 in chips, $5 bounty) 
Seat 2: sebas krill (1385 in chips, $5 bounty) 
Seat 3: Pellone23 (5745 in chips, $5 bounty) 
Seat 4: Gabrielfs13 (6839 in chips, $7.50 bounty) 
Seat 5: terminapaul (8586 in chips, $5 bounty) 
Seat 6: Mertz18 (2174 in chips, $5 bounty) 
Seat 7: dineyy (5063 in chips, $7.50 bounty) 
Seat 8: Athens22880 (22429 in chips, $10 bounty) 
MazzaGR: posts the ante 30
sebas krill: posts the ante 30
Pellone23: posts the ante 30
Gabrielfs13: posts the ante 30
terminapaul: posts the ante 30
Mertz18: posts the ante 30
dineyy: posts the ante 30
Athens22880: posts the ante 30
Athens22880: posts small blind 100
MazzaGR: posts big blind 200
*** HOLE CARDS ***
Dealt to Gabrielfs13 [7c 9s]
sebas krill: folds 
Pellone23: folds 
Gabrielfs13: folds 
terminapaul: raises 200 to 400
Mertz18: folds 
dineyy: folds 
Athens22880: folds 
MazzaGR: calls 200
*** FLOP *** [2h Qc Ks]
MazzaGR: checks 
terminapaul: bets 400
MazzaGR: calls 400
*** TURN *** [2h Qc Ks] [3d]
MazzaGR: checks 
terminapaul: bets 600
MazzaGR: folds 
Uncalled bet (600) returned to terminapaul
terminapaul collected 1940 from pot
terminapaul: doesn't show hand 
*** SUMMARY ***
Total pot 1940 | Rake 0 
Board [2h Qc Ks 3d]
Seat 1: MazzaGR (big blind) folded on the Turn
Seat 2: sebas krill folded before Flop (didn't bet)
Seat 3: Pellone23 folded before Flop (didn't bet)
Seat 4: Gabrielfs13 folded before Flop (didn't bet)
Seat 5: terminapaul collected (1940)
Seat 6: Mertz18 folded before Flop (didn't bet)
Seat 7: dineyy (button) folded before Flop (didn't bet)
Seat 8: Athens22880 (small blind) folded before Flop



PokerStars Hand #257061072926: Tournament #3912024153, $4.80+$5.00+$1.20 USD Hold'em No Limit - Level VII (125/250) - 2025/07/23 16:10:16 BRT [2025/07/23 15:10:16 ET]
Table '3912024153 10' 8-max Seat #1 is the button
Seat 1: MazzaGR (3246 in chips, $5 bounty) 
Seat 2: sebas krill (1355 in chips, $5 bounty) 
Seat 3: Pellone23 (5715 in chips, $5 bounty) 
Seat 4: Gabrielfs13 (6809 in chips, $7.50 bounty) 
Seat 5: terminapaul (9696 in chips, $5 bounty) 
Seat 6: Mertz18 (2144 in chips, $5 bounty) 
Seat 7: dineyy (5033 in chips, $7.50 bounty) 
MazzaGR: posts the ante 38
sebas krill: posts the ante 38
Pellone23: posts the ante 38
Gabrielfs13: posts the ante 38
terminapaul: posts the ante 38
Mertz18: posts the ante 38
dineyy: posts the ante 38
sebas krill: posts small blind 125
Pellone23: posts big blind 250
*** HOLE CARDS ***
Dealt to Gabrielfs13 [9h Qh]
Gabrielfs13: raises 250 to 500
terminapaul: folds 
Mertz18: folds 
dineyy: folds 
MazzaGR: folds 
sebas krill: folds 
Pellone23: calls 250
*** FLOP *** [7s 2h 8h]
Pellone23: checks 
Gabrielfs13: bets 459
Pellone23: calls 459
*** TURN *** [7s 2h 8h] [8d]
Pellone23: checks 
Gabrielfs13: bets 762
Pellone23: folds 
Uncalled bet (762) returned to Gabrielfs13
Gabrielfs13 collected 2309 from pot
Gabrielfs13: doesn't show hand 
*** SUMMARY ***
Total pot 2309 | Rake 0 
Board [7s 2h 8h 8d]
Seat 1: MazzaGR (button) folded before Flop (didn't bet)
Seat 2: sebas krill (small blind) folded before Flop
Seat 3: Pellone23 (big blind) folded on the Turn
Seat 4: Gabrielfs13 collected (2309)
Seat 5: terminapaul folded before Flop (didn't bet)
Seat 6: Mertz18 folded before Flop (didn't bet)
Seat 7: dineyy folded before Flop (didn't bet)



PokerStars Hand #257061082651: Tournament #3912024153, $4.80+$5.00+$1.20 USD Hold'em No Limit - Level VII (125/250) - 2025/07/23 16:10:59 BRT [2025/07/23 15:10:59 ET]
Table '3912024153 10' 8-max Seat #2 is the button
Seat 1: MazzaGR (3208 in chips, $5 bounty) 
Seat 2: sebas krill (1192 in chips, $5 bounty) 
Seat 3: Pellone23 (4718 in chips, $5 bounty) 
Seat 4: Gabrielfs13 (8121 in chips, $7.50 bounty) 
Seat 5: terminapaul (9658 in chips, $5 bounty) 
Seat 6: Mertz18 (2106 in chips, $5 bounty) 
Seat 7: dineyy (4995 in chips, $7.50 bounty) 
MazzaGR: posts the ante 38
sebas krill: posts the ante 38
Pellone23: posts the ante 38
Gabrielfs13: posts the ante 38
terminapaul: posts the ante 38
Mertz18: posts the ante 38
dineyy: posts the ante 38
Pellone23: posts small blind 125
Gabrielfs13: posts big blind 250
*** HOLE CARDS ***
Dealt to Gabrielfs13 [2s Ad]
terminapaul: calls 250
Mertz18: raises 1818 to 2068 and is all-in
dineyy: raises 2889 to 4957 and is all-in
MazzaGR: folds 
sebas krill: calls 1154 and is all-in
Pellone23: folds 
Gabrielfs13: folds 
terminapaul: folds 
Uncalled bet (2889) returned to dineyy
*** FLOP *** [8s Th 5s]
*** TURN *** [8s Th 5s] [6c]
*** RIVER *** [8s Th 5s 6c] [9d]
*** SHOW DOWN ***
Mertz18: shows [Ac 7s] (a straight, Six to Ten)
dineyy: shows [Jc Jh] (a pair of Jacks)
Mertz18 collected 1828 from side pot
sebas krill: shows [Qc Kd] (high card King)
Mertz18 collected 4353 from main pot
Mertz18 wins $2.50 for eliminating sebas krill and their own bounty increases by $2.50 to $7.50
sebas krill finished the tournament
*** SUMMARY ***
Total pot 6181 Main pot 4353. Side pot 1828. | Rake 0 
Board [8s Th 5s 6c 9d]
Seat 1: MazzaGR folded before Flop (didn't bet)
Seat 2: sebas krill (button) showed [Qc Kd] and lost with high card King
Seat 3: Pellone23 (small blind) folded before Flop
Seat 4: Gabrielfs13 (big blind) folded before Flop
Seat 5: terminapaul folded before Flop
Seat 6: Mertz18 showed [Ac 7s] and won (6181) with a straight, Six to Ten
Seat 7: dineyy showed [Jc Jh] and lost with a pair of Jacks



PokerStars Hand #257061090688: Tournament #3912024153, $4.80+$5.00+$1.20 USD Hold'em No Limit - Level VII (125/250) - 2025/07/23 16:11:35 BRT [2025/07/23 15:11:35 ET]
Table '3912024153 10' 8-max Seat #3 is the button
Seat 1: MazzaGR (3170 in chips, $5 bounty) 
Seat 3: Pellone23 (4555 in chips, $5 bounty) 
Seat 4: Gabrielfs13 (7833 in chips, $7.50 bounty) 
Seat 5: terminapaul (9370 in chips, $5 bounty) 
Seat 6: Mertz18 (6181 in chips, $7.50 bounty) 
Seat 7: dineyy (2889 in chips, $7.50 bounty) 
MazzaGR: posts the ante 38
Pellone23: posts the ante 38
Gabrielfs13: posts the ante 38
terminapaul: posts the ante 38
Mertz18: posts the ante 38
dineyy: posts the ante 38
Gabrielfs13: posts small blind 125
terminapaul: posts big blind 250
*** HOLE CARDS ***
Dealt to Gabrielfs13 [8s Kc]
vinegarvera is disconnected 
Mertz18: folds 
dineyy: folds 
MazzaGR: folds 
Pellone23: raises 300 to 550
Gabrielfs13: folds 
terminapaul: folds 
Uncalled bet (300) returned to Pellone23
Pellone23 collected 853 from pot
Pellone23: doesn't show hand 
*** SUMMARY ***
Total pot 853 | Rake 0 
Seat 1: MazzaGR folded before Flop (didn't bet)
Seat 3: Pellone23 (button) collected (853)
Seat 4: Gabrielfs13 (small blind) folded before Flop
Seat 5: terminapaul (big blind) folded before Flop
Seat 6: Mertz18 folded before Flop (didn't bet)
Seat 7: dineyy folded before Flop (didn't bet)



PokerStars Hand #257061099350: Tournament #3912024153, $4.80+$5.00+$1.20 USD Hold'em No Limit - Level VII (125/250) - 2025/07/23 16:12:13 BRT [2025/07/23 15:12:13 ET]
Table '3912024153 10' 8-max Seat #4 is the button
Seat 1: MazzaGR (3132 in chips, $5 bounty) 
Seat 2: vinegarvera (11444 in chips, $10 bounty) 
Seat 3: Pellone23 (5120 in chips, $5 bounty) 
Seat 4: Gabrielfs13 (7670 in chips, $7.50 bounty) 
Seat 5: terminapaul (9082 in chips, $5 bounty) 
Seat 6: Mertz18 (6143 in chips, $7.50 bounty) 
Seat 7: dineyy (2851 in chips, $7.50 bounty) 
MazzaGR: posts the ante 38
vinegarvera: posts the ante 38
Pellone23: posts the ante 38
Gabrielfs13: posts the ante 38
terminapaul: posts the ante 38
Mertz18: posts the ante 38
dineyy: posts the ante 38
terminapaul: posts small blind 125
Mertz18: posts big blind 250
*** HOLE CARDS ***
Dealt to Gabrielfs13 [7s Kh]
dineyy: folds 
MazzaGR: folds 
vinegarvera: folds 
Pellone23: raises 250 to 500
Gabrielfs13: folds 
terminapaul: folds 
Mertz18: folds 
Uncalled bet (250) returned to Pellone23
Pellone23 collected 891 from pot
Pellone23: doesn't show hand 
*** SUMMARY ***
Total pot 891 | Rake 0 
Seat 1: MazzaGR folded before Flop (didn't bet)
Seat 2: vinegarvera folded before Flop (didn't bet)
Seat 3: Pellone23 collected (891)
Seat 4: Gabrielfs13 (button) folded before Flop (didn't bet)
Seat 5: terminapaul (small blind) folded before Flop
Seat 6: Mertz18 (big blind) folded before Flop
Seat 7: dineyy folded before Flop (didn't bet)



PokerStars Hand #257061113704: Tournament #3912024153, $4.80+$5.00+$1.20 USD Hold'em No Limit - Level VII (125/250) - 2025/07/23 16:13:15 BRT [2025/07/23 15:13:15 ET]
Table '3912024153 10' 8-max Seat #5 is the button
Seat 1: MazzaGR (3094 in chips, $5 bounty) 
Seat 2: vinegarvera (11406 in chips, $10 bounty) 
Seat 3: Pellone23 (5723 in chips, $5 bounty) 
Seat 4: Gabrielfs13 (7632 in chips, $7.50 bounty) 
Seat 5: terminapaul (8919 in chips, $5 bounty) 
Seat 6: Mertz18 (5855 in chips, $7.50 bounty) 
Seat 7: dineyy (2813 in chips, $7.50 bounty) 
MazzaGR: posts the ante 38
vinegarvera: posts the ante 38
Pellone23: posts the ante 38
Gabrielfs13: posts the ante 38
terminapaul: posts the ante 38
Mertz18: posts the ante 38
dineyy: posts the ante 38
Mertz18: posts small blind 125
dineyy: posts big blind 250
*** HOLE CARDS ***
Dealt to Gabrielfs13 [7s 3c]
MazzaGR: raises 250 to 500
vinegarvera: folds 
Pellone23: folds 
Gabrielfs13: folds 
terminapaul: folds 
Mertz18: calls 375
dineyy: folds 
*** FLOP *** [Qd 4h 7c]
Mertz18: checks 
MazzaGR: checks 
*** TURN *** [Qd 4h 7c] [5c]
Mertz18: checks 
MazzaGR: checks 
*** RIVER *** [Qd 4h 7c 5c] [Ad]
Mertz18: checks 
MazzaGR: bets 2556 and is all-in
Mertz18: folds 
Uncalled bet (2556) returned to MazzaGR
MazzaGR collected 1516 from pot
MazzaGR: doesn't show hand 
*** SUMMARY ***
Total pot 1516 | Rake 0 
Board [Qd 4h 7c 5c Ad]
Seat 1: MazzaGR collected (1516)
Seat 2: vinegarvera folded before Flop (didn't bet)
Seat 3: Pellone23 folded before Flop (didn't bet)
Seat 4: Gabrielfs13 folded before Flop (didn't bet)
Seat 5: terminapaul (button) folded before Flop (didn't bet)
Seat 6: Mertz18 (small blind) folded on the River
Seat 7: dineyy (big blind) folded before Flop



PokerStars Hand #257061125070: Tournament #3912024153, $4.80+$5.00+$1.20 USD Hold'em No Limit - Level VII (125/250) - 2025/07/23 16:14:05 BRT [2025/07/23 15:14:05 ET]
Table '3912024153 10' 8-max Seat #6 is the button
Seat 1: MazzaGR (4072 in chips, $5 bounty) 
Seat 2: vinegarvera (11368 in chips, $10 bounty) 
Seat 3: Pellone23 (5685 in chips, $5 bounty) 
Seat 4: Gabrielfs13 (7594 in chips, $7.50 bounty) 
Seat 5: terminapaul (8881 in chips, $5 bounty) 
Seat 6: Mertz18 (5317 in chips, $7.50 bounty) 
Seat 7: dineyy (2525 in chips, $7.50 bounty) 
MazzaGR: posts the ante 38
vinegarvera: posts the ante 38
Pellone23: posts the ante 38
Gabrielfs13: posts the ante 38
terminapaul: posts the ante 38
Mertz18: posts the ante 38
dineyy: posts the ante 38
dineyy: posts small blind 125
MazzaGR: posts big blind 250
*** HOLE CARDS ***
Dealt to Gabrielfs13 [5d Td]
vinegarvera: folds 
Pellone23: raises 250 to 500
Gabrielfs13: folds 
terminapaul: calls 500
Mertz18: folds 
dineyy: folds 
MazzaGR: calls 250
*** FLOP *** [5c 6c 3c]
MazzaGR: checks 
Pellone23: checks 
terminapaul: checks 
*** TURN *** [5c 6c 3c] [6s]
MazzaGR: checks 
Pellone23: bets 794
terminapaul: folds 
MazzaGR: folds 
Uncalled bet (794) returned to Pellone23
Pellone23 collected 1891 from pot
Pellone23: doesn't show hand 
*** SUMMARY ***
Total pot 1891 | Rake 0 
Board [5c 6c 3c 6s]
Seat 1: MazzaGR (big blind) folded on the Turn
Seat 2: vinegarvera folded before Flop (didn't bet)
Seat 3: Pellone23 collected (1891)
Seat 4: Gabrielfs13 folded before Flop (didn't bet)
Seat 5: terminapaul folded on the Turn
Seat 6: Mertz18 (button) folded before Flop (didn't bet)
Seat 7: dineyy (small blind) folded before Flop



PokerStars Hand #257061140143: Tournament #3912024153, $4.80+$5.00+$1.20 USD Hold'em No Limit - Level VIII (150/300) - 2025/07/23 16:15:10 BRT [2025/07/23 15:15:10 ET]
Table '3912024153 10' 8-max Seat #7 is the button
Seat 1: MazzaGR (3534 in chips, $5 bounty) 
Seat 2: vinegarvera (11330 in chips, $10 bounty) 
Seat 3: Pellone23 (7038 in chips, $5 bounty) 
Seat 4: Gabrielfs13 (7556 in chips, $7.50 bounty) 
Seat 5: terminapaul (8343 in chips, $5 bounty) 
Seat 6: Mertz18 (5279 in chips, $7.50 bounty) 
Seat 7: dineyy (2362 in chips, $7.50 bounty) 
MazzaGR: posts the ante 50
vinegarvera: posts the ante 50
Pellone23: posts the ante 50
Gabrielfs13: posts the ante 50
terminapaul: posts the ante 50
Mertz18: posts the ante 50
dineyy: posts the ante 50
MazzaGR: posts small blind 150
vinegarvera: posts big blind 300
*** HOLE CARDS ***
Dealt to Gabrielfs13 [4s 9h]
Pellone23: folds 
Gabrielfs13: folds 
terminapaul: raises 300 to 600
Mertz18: folds 
dineyy: folds 
MazzaGR: folds 
vinegarvera: folds 
Uncalled bet (300) returned to terminapaul
terminapaul collected 1100 from pot
terminapaul: doesn't show hand 
*** SUMMARY ***
Total pot 1100 | Rake 0 
Seat 1: MazzaGR (small blind) folded before Flop
Seat 2: vinegarvera (big blind) folded before Flop
Seat 3: Pellone23 folded before Flop (didn't bet)
Seat 4: Gabrielfs13 folded before Flop (didn't bet)
Seat 5: terminapaul collected (1100)
Seat 6: Mertz18 folded before Flop (didn't bet)
Seat 7: dineyy (button) folded before Flop (didn't bet)



PokerStars Hand #257061144032: Tournament #3912024153, $4.80+$5.00+$1.20 USD Hold'em No Limit - Level VIII (150/300) - 2025/07/23 16:15:27 BRT [2025/07/23 15:15:27 ET]
Table '3912024153 10' 8-max Seat #1 is the button
Seat 1: MazzaGR (3334 in chips, $5 bounty) 
Seat 2: vinegarvera (10980 in chips, $10 bounty) 
Seat 3: Pellone23 (6988 in chips, $5 bounty) 
Seat 4: Gabrielfs13 (7506 in chips, $7.50 bounty) 
Seat 5: terminapaul (9093 in chips, $5 bounty) 
Seat 6: Mertz18 (5229 in chips, $7.50 bounty) 
Seat 7: dineyy (2312 in chips, $7.50 bounty) 
MazzaGR: posts the ante 50
vinegarvera: posts the ante 50
Pellone23: posts the ante 50
Gabrielfs13: posts the ante 50
terminapaul: posts the ante 50
Mertz18: posts the ante 50
dineyy: posts the ante 50
vinegarvera: posts small blind 150
Pellone23: posts big blind 300
*** HOLE CARDS ***
Dealt to Gabrielfs13 [9d 4d]
Gabrielfs13: folds 
terminapaul: folds 
Mertz18: folds 
dineyy: folds 
MazzaGR: raises 2984 to 3284 and is all-in
vinegarvera: folds 
Pellone23: folds 
Uncalled bet (2984) returned to MazzaGR
MazzaGR collected 1100 from pot
MazzaGR: doesn't show hand 
*** SUMMARY ***
Total pot 1100 | Rake 0 
Seat 1: MazzaGR (button) collected (1100)
Seat 2: vinegarvera (small blind) folded before Flop
Seat 3: Pellone23 (big blind) folded before Flop
Seat 4: Gabrielfs13 folded before Flop (didn't bet)
Seat 5: terminapaul folded before Flop (didn't bet)
Seat 6: Mertz18 folded before Flop (didn't bet)
Seat 7: dineyy folded before Flop (didn't bet)



PokerStars Hand #257061150550: Tournament #3912024153, $4.80+$5.00+$1.20 USD Hold'em No Limit - Level VIII (150/300) - 2025/07/23 16:15:55 BRT [2025/07/23 15:15:55 ET]
Table '3912024153 10' 8-max Seat #2 is the button
Seat 1: MazzaGR (4084 in chips, $5 bounty) 
Seat 2: vinegarvera (10780 in chips, $10 bounty) 
Seat 3: Pellone23 (6638 in chips, $5 bounty) 
Seat 4: Gabrielfs13 (7456 in chips, $7.50 bounty) 
Seat 5: terminapaul (9043 in chips, $5 bounty) 
Seat 6: Mertz18 (5179 in chips, $7.50 bounty) 
Seat 7: dineyy (2262 in chips, $7.50 bounty) 
MazzaGR: posts the ante 50
vinegarvera: posts the ante 50
Pellone23: posts the ante 50
Gabrielfs13: posts the ante 50
terminapaul: posts the ante 50
Mertz18: posts the ante 50
dineyy: posts the ante 50
Pellone23: posts small blind 150
Gabrielfs13: posts big blind 300
*** HOLE CARDS ***
Dealt to Gabrielfs13 [7c Kd]
terminapaul: folds 
Mertz18: folds 
dineyy: folds 
MazzaGR: folds 
vinegarvera: folds 
Pellone23: raises 360 to 660
Gabrielfs13: calls 360
*** FLOP *** [9c Qd As]
Pellone23: bets 701
Gabrielfs13: folds 
Uncalled bet (701) returned to Pellone23
Pellone23 collected 1670 from pot
Pellone23: doesn't show hand 
*** SUMMARY ***
Total pot 1670 | Rake 0 
Board [9c Qd As]
Seat 1: MazzaGR folded before Flop (didn't bet)
Seat 2: vinegarvera (button) folded before Flop (didn't bet)
Seat 3: Pellone23 (small blind) collected (1670)
Seat 4: Gabrielfs13 (big blind) folded on the Flop
Seat 5: terminapaul folded before Flop (didn't bet)
Seat 6: Mertz18 folded before Flop (didn't bet)
Seat 7: dineyy folded before Flop (didn't bet)



PokerStars Hand #257061159934: Tournament #3912024153, $4.80+$5.00+$1.20 USD Hold'em No Limit - Level VIII (150/300) - 2025/07/23 16:16:35 BRT [2025/07/23 15:16:35 ET]
Table '3912024153 10' 8-max Seat #3 is the button
Seat 1: MazzaGR (4034 in chips, $5 bounty) 
Seat 2: vinegarvera (10730 in chips, $10 bounty) 
Seat 3: Pellone23 (7598 in chips, $5 bounty) 
Seat 4: Gabrielfs13 (6746 in chips, $7.50 bounty) 
Seat 5: terminapaul (8993 in chips, $5 bounty) 
Seat 6: Mertz18 (5129 in chips, $7.50 bounty) 
Seat 7: dineyy (2212 in chips, $7.50 bounty) 
MazzaGR: posts the ante 50
vinegarvera: posts the ante 50
Pellone23: posts the ante 50
Gabrielfs13: posts the ante 50
terminapaul: posts the ante 50
Mertz18: posts the ante 50
dineyy: posts the ante 50
Gabrielfs13: posts small blind 150
terminapaul: posts big blind 300
*** HOLE CARDS ***
Dealt to Gabrielfs13 [Td 4h]
Mertz18: folds 
dineyy: raises 1862 to 2162 and is all-in
MazzaGR: folds 
vinegarvera: folds 
Pellone23: folds 
spike1962696 is disconnected 
Gabrielfs13: folds 
terminapaul: folds 
Uncalled bet (1862) returned to dineyy
dineyy collected 1100 from pot
*** SUMMARY ***
Total pot 1100 | Rake 0 
Seat 1: MazzaGR folded before Flop (didn't bet)
Seat 2: vinegarvera folded before Flop (didn't bet)
Seat 3: Pellone23 (button) folded before Flop (didn't bet)
Seat 4: Gabrielfs13 (small blind) folded before Flop
Seat 5: terminapaul (big blind) folded before Flop
Seat 6: Mertz18 folded before Flop (didn't bet)
Seat 7: dineyy collected (1100)



PokerStars Hand #257061168426: Tournament #3912024153, $4.80+$5.00+$1.20 USD Hold'em No Limit - Level VIII (150/300) - 2025/07/23 16:17:11 BRT [2025/07/23 15:17:11 ET]
Table '3912024153 10' 8-max Seat #4 is the button
Seat 2: vinegarvera (10680 in chips, $10 bounty) 
Seat 3: Pellone23 (7548 in chips, $5 bounty) 
Seat 4: Gabrielfs13 (6546 in chips, $7.50 bounty) 
Seat 5: terminapaul (8643 in chips, $5 bounty) 
Seat 6: Mertz18 (5079 in chips, $7.50 bounty) 
Seat 7: dineyy (2962 in chips, $7.50 bounty) 
Seat 8: spike1962696 (5000 in chips, $5 bounty) 
vinegarvera: posts the ante 50
Pellone23: posts the ante 50
Gabrielfs13: posts the ante 50
terminapaul: posts the ante 50
Mertz18: posts the ante 50
dineyy: posts the ante 50
spike1962696: posts the ante 50
terminapaul: posts small blind 150
Mertz18: posts big blind 300
*** HOLE CARDS ***
Dealt to Gabrielfs13 [Qs Kh]
dineyy: folds 
spike1962696: folds 
vinegarvera: folds 
Pellone23: folds 
Gabrielfs13: raises 300 to 600
terminapaul has timed out
terminapaul: folds 
terminapaul is sitting out
Mertz18: folds 
Uncalled bet (300) returned to Gabrielfs13
Gabrielfs13 collected 1100 from pot
Gabrielfs13: doesn't show hand 
*** SUMMARY ***
Total pot 1100 | Rake 0 
Seat 2: vinegarvera folded before Flop (didn't bet)
Seat 3: Pellone23 folded before Flop (didn't bet)
Seat 4: Gabrielfs13 (button) collected (1100)
Seat 5: terminapaul (small blind) folded before Flop
Seat 6: Mertz18 (big blind) folded before Flop
Seat 7: dineyy folded before Flop (didn't bet)
Seat 8: spike1962696 folded before Flop (didn't bet)



PokerStars Hand #257061178814: Tournament #3912024153, $4.80+$5.00+$1.20 USD Hold'em No Limit - Level VIII (150/300) - 2025/07/23 16:17:56 BRT [2025/07/23 15:17:56 ET]
Table '3912024153 10' 8-max Seat #5 is the button
Seat 2: vinegarvera (10630 in chips, $10 bounty) 
Seat 3: Pellone23 (7498 in chips, $5 bounty) 
Seat 4: Gabrielfs13 (7296 in chips, $7.50 bounty) 
Seat 5: terminapaul (8443 in chips, $5 bounty) is sitting out
Seat 6: Mertz18 (4729 in chips, $7.50 bounty) 
Seat 7: dineyy (2912 in chips, $7.50 bounty) 
Seat 8: spike1962696 (4950 in chips, $5 bounty) 
vinegarvera: posts the ante 50
Pellone23: posts the ante 50
Gabrielfs13: posts the ante 50
terminapaul: posts the ante 50
Mertz18: posts the ante 50
dineyy: posts the ante 50
spike1962696: posts the ante 50
Mertz18: posts small blind 150
dineyy: posts big blind 300
*** HOLE CARDS ***
Dealt to Gabrielfs13 [As Td]
terminapaul has returned
spike1962696: folds 
vinegarvera: folds 
Pellone23: folds 
Gabrielfs13: raises 300 to 600
terminapaul: folds 
Mertz18: folds 
dineyy: raises 2262 to 2862 and is all-in
Gabrielfs13: calls 2262
*** FLOP *** [7c Qd Jh]
*** TURN *** [7c Qd Jh] [5c]
*** RIVER *** [7c Qd Jh 5c] [2d]
*** SHOW DOWN ***
dineyy: shows [Ad Tc] (high card Ace)
Gabrielfs13: shows [As Td] (high card Ace)
dineyy collected 3112 from pot
Gabrielfs13 collected 3112 from pot
*** SUMMARY ***
Total pot 6224 | Rake 0 
Board [7c Qd Jh 5c 2d]
Seat 2: vinegarvera folded before Flop (didn't bet)
Seat 3: Pellone23 folded before Flop (didn't bet)
Seat 4: Gabrielfs13 showed [As Td] and won (3112) with high card Ace
Seat 5: terminapaul (button) folded before Flop (didn't bet)
Seat 6: Mertz18 (small blind) folded before Flop
Seat 7: dineyy (big blind) showed [Ad Tc] and won (3112) with high card Ace
Seat 8: spike1962696 folded before Flop (didn't bet)



PokerStars Hand #257061185525: Tournament #3912024153, $4.80+$5.00+$1.20 USD Hold'em No Limit - Level VIII (150/300) - 2025/07/23 16:18:25 BRT [2025/07/23 15:18:25 ET]
Table '3912024153 10' 8-max Seat #6 is the button
Seat 2: vinegarvera (10580 in chips, $10 bounty) 
Seat 3: Pellone23 (7448 in chips, $5 bounty) 
Seat 4: Gabrielfs13 (7496 in chips, $7.50 bounty) 
Seat 5: terminapaul (8393 in chips, $5 bounty) 
Seat 6: Mertz18 (4529 in chips, $7.50 bounty) 
Seat 7: dineyy (3112 in chips, $7.50 bounty) 
Seat 8: spike1962696 (4900 in chips, $5 bounty) 
vinegarvera: posts the ante 50
Pellone23: posts the ante 50
Gabrielfs13: posts the ante 50
terminapaul: posts the ante 50
Mertz18: posts the ante 50
dineyy: posts the ante 50
spike1962696: posts the ante 50
dineyy: posts small blind 150
spike1962696: posts big blind 300
*** HOLE CARDS ***
Dealt to Gabrielfs13 [Qh 8c]
kiwis1966 is disconnected 
vinegarvera: folds 
Pellone23: folds 
Gabrielfs13: folds 
terminapaul: raises 300 to 600
Mertz18: folds 
dineyy: folds 
spike1962696: calls 300
*** FLOP *** [Ac Jd Ks]
spike1962696: checks 
terminapaul: bets 900
spike1962696: calls 900
*** TURN *** [Ac Jd Ks] [9c]
spike1962696: checks 
terminapaul: bets 1750
spike1962696: folds 
Uncalled bet (1750) returned to terminapaul
terminapaul collected 3500 from pot
terminapaul: doesn't show hand 
*** SUMMARY ***
Total pot 3500 | Rake 0 
Board [Ac Jd Ks 9c]
Seat 2: vinegarvera folded before Flop (didn't bet)
Seat 3: Pellone23 folded before Flop (didn't bet)
Seat 4: Gabrielfs13 folded before Flop (didn't bet)
Seat 5: terminapaul collected (3500)
Seat 6: Mertz18 (button) folded before Flop (didn't bet)
Seat 7: dineyy (small blind) folded before Flop
Seat 8: spike1962696 (big blind) folded on the Turn



PokerStars Hand #257061196659: Tournament #3912024153, $4.80+$5.00+$1.20 USD Hold'em No Limit - Level VIII (150/300) - 2025/07/23 16:19:12 BRT [2025/07/23 15:19:12 ET]
Table '3912024153 10' 8-max Seat #7 is the button
Seat 1: kiwis1966 (5000 in chips, $5 bounty) 
Seat 3: Pellone23 (7398 in chips, $5 bounty) 
Seat 4: Gabrielfs13 (7446 in chips, $7.50 bounty) 
Seat 5: terminapaul (10343 in chips, $5 bounty) 
Seat 6: Mertz18 (4479 in chips, $7.50 bounty) 
Seat 7: dineyy (2912 in chips, $7.50 bounty) 
Seat 8: spike1962696 (3350 in chips, $5 bounty) 
kiwis1966: posts the ante 50
Pellone23: posts the ante 50
Gabrielfs13: posts the ante 50
terminapaul: posts the ante 50
Mertz18: posts the ante 50
dineyy: posts the ante 50
spike1962696: posts the ante 50
spike1962696: posts small blind 150
kiwis1966: posts big blind 300
*** HOLE CARDS ***
Dealt to Gabrielfs13 [Jc Kc]
Pellone23: folds 
Gabrielfs13: raises 300 to 600
terminapaul: folds 
Mertz18: raises 3829 to 4429 and is all-in
dineyy: folds 
spike1962696: folds 
kiwis1966: folds 
Gabrielfs13: calls 3829
*** FLOP *** [5d 3d 4c]
*** TURN *** [5d 3d 4c] [4s]
*** RIVER *** [5d 3d 4c 4s] [6c]
*** SHOW DOWN ***
Gabrielfs13: shows [Jc Kc] (a pair of Fours)
Mertz18: shows [9s Ah] (a pair of Fours - Ace kicker)
Mertz18 collected 9658 from pot
*** SUMMARY ***
Total pot 9658 | Rake 0 
Board [5d 3d 4c 4s 6c]
Seat 1: kiwis1966 (big blind) folded before Flop
Seat 3: Pellone23 folded before Flop (didn't bet)
Seat 4: Gabrielfs13 showed [Jc Kc] and lost with a pair of Fours
Seat 5: terminapaul folded before Flop (didn't bet)
Seat 6: Mertz18 showed [9s Ah] and won (9658) with a pair of Fours
Seat 7: dineyy (button) folded before Flop (didn't bet)
Seat 8: spike1962696 (small blind) folded before Flop



PokerStars Hand #257061205884: Tournament #3912024153, $4.80+$5.00+$1.20 USD Hold'em No Limit - Level VIII (150/300) - 2025/07/23 16:19:52 BRT [2025/07/23 15:19:52 ET]
Table '3912024153 10' 8-max Seat #8 is the button
Seat 1: kiwis1966 (4650 in chips, $5 bounty) 
Seat 3: Pellone23 (7348 in chips, $5 bounty) 
Seat 4: Gabrielfs13 (2967 in chips, $7.50 bounty) 
Seat 5: terminapaul (10293 in chips, $5 bounty) 
Seat 6: Mertz18 (9658 in chips, $7.50 bounty) 
Seat 7: dineyy (2862 in chips, $7.50 bounty) 
Seat 8: spike1962696 (3150 in chips, $5 bounty) 
kiwis1966: posts the ante 50
Pellone23: posts the ante 50
Gabrielfs13: posts the ante 50
terminapaul: posts the ante 50
Mertz18: posts the ante 50
dineyy: posts the ante 50
spike1962696: posts the ante 50
kiwis1966: posts small blind 150
Pellone23: posts big blind 300
*** HOLE CARDS ***
Dealt to Gabrielfs13 [Qd Js]
Gabrielfs13: raises 300 to 600
terminapaul: folds 
Mertz18: folds 
dineyy: folds 
spike1962696: calls 600
kiwis1966: folds 
Pellone23: calls 300
*** FLOP *** [Qc Ks Kd]
Pellone23: checks 
Gabrielfs13: checks 
spike1962696: checks 
*** TURN *** [Qc Ks Kd] [Td]
Pellone23: bets 966
Gabrielfs13: calls 966
spike1962696: folds 
*** RIVER *** [Qc Ks Kd Td] [5d]
Pellone23: checks 
Gabrielfs13: checks 
*** SHOW DOWN ***
Pellone23: shows [9h 6d] (a pair of Kings)
Gabrielfs13: shows [Qd Js] (two pair, Kings and Queens)
Gabrielfs13 collected 4232 from pot
*** SUMMARY ***
Total pot 4232 | Rake 0 
Board [Qc Ks Kd Td 5d]
Seat 1: kiwis1966 (small blind) folded before Flop
Seat 3: Pellone23 (big blind) showed [9h 6d] and lost with a pair of Kings
Seat 4: Gabrielfs13 showed [Qd Js] and won (4232) with two pair, Kings and Queens
Seat 5: terminapaul folded before Flop (didn't bet)
Seat 6: Mertz18 folded before Flop (didn't bet)
Seat 7: dineyy folded before Flop (didn't bet)
Seat 8: spike1962696 (button) folded on the Turn



PokerStars Hand #257061216756: Tournament #3912024153, $4.80+$5.00+$1.20 USD Hold'em No Limit - Level IX (200/400) - 2025/07/23 16:20:38 BRT [2025/07/23 15:20:38 ET]
Table '3912024153 10' 8-max Seat #1 is the button
Seat 1: kiwis1966 (4450 in chips, $5 bounty) 
Seat 3: Pellone23 (5732 in chips, $5 bounty) 
Seat 4: Gabrielfs13 (5583 in chips, $7.50 bounty) 
Seat 5: terminapaul (10243 in chips, $5 bounty) 
Seat 6: Mertz18 (9608 in chips, $7.50 bounty) 
Seat 7: dineyy (2812 in chips, $7.50 bounty) 
Seat 8: spike1962696 (2500 in chips, $5 bounty) 
kiwis1966: posts the ante 60
Pellone23: posts the ante 60
Gabrielfs13: posts the ante 60
terminapaul: posts the ante 60
Mertz18: posts the ante 60
dineyy: posts the ante 60
spike1962696: posts the ante 60
Pellone23: posts small blind 200
Gabrielfs13: posts big blind 400
*** HOLE CARDS ***
Dealt to Gabrielfs13 [Qc 3s]
terminapaul has timed out
terminapaul: folds 
terminapaul is sitting out
Mertz18: folds 
dineyy: raises 2352 to 2752 and is all-in
spike1962696: folds 
kiwis1966: raises 1638 to 4390 and is all-in
terminapaul has returned
Pellone23: folds 
Gabrielfs13: folds 
Uncalled bet (1638) returned to kiwis1966
*** FLOP *** [Td Ad 8h]
*** TURN *** [Td Ad 8h] [5d]
*** RIVER *** [Td Ad 8h 5d] [Qh]
*** SHOW DOWN ***
dineyy: shows [As Jh] (a pair of Aces)
kiwis1966: shows [8c 8s] (three of a kind, Eights)
kiwis1966 collected 6524 from pot
kiwis1966 wins $3.75 for eliminating dineyy and their own bounty increases by $3.75 to $8.75
dineyy finished the tournament
*** SUMMARY ***
Total pot 6524 | Rake 0 
Board [Td Ad 8h 5d Qh]
Seat 1: kiwis1966 (button) showed [8c 8s] and won (6524) with three of a kind, Eights
Seat 3: Pellone23 (small blind) folded before Flop
Seat 4: Gabrielfs13 (big blind) folded before Flop
Seat 5: terminapaul folded before Flop (didn't bet)
Seat 6: Mertz18 folded before Flop (didn't bet)
Seat 7: dineyy showed [As Jh] and lost with a pair of Aces
Seat 8: spike1962696 folded before Flop (didn't bet)



PokerStars Hand #257061225448: Tournament #3912024153, $4.80+$5.00+$1.20 USD Hold'em No Limit - Level IX (200/400) - 2025/07/23 16:21:15 BRT [2025/07/23 15:21:15 ET]
Table '3912024153 10' 8-max Seat #3 is the button
Seat 1: kiwis1966 (8162 in chips, $8.75 bounty) 
Seat 3: Pellone23 (5472 in chips, $5 bounty) 
Seat 4: Gabrielfs13 (5123 in chips, $7.50 bounty) 
Seat 5: terminapaul (10183 in chips, $5 bounty) 
Seat 6: Mertz18 (9548 in chips, $7.50 bounty) 
Seat 8: spike1962696 (2440 in chips, $5 bounty) 
kiwis1966: posts the ante 60
Pellone23: posts the ante 60
Gabrielfs13: posts the ante 60
terminapaul: posts the ante 60
Mertz18: posts the ante 60
spike1962696: posts the ante 60
Gabrielfs13: posts small blind 200
terminapaul: posts big blind 400
*** HOLE CARDS ***
Dealt to Gabrielfs13 [2c 6d]
Mertz18: folds 
spike1962696: raises 1980 to 2380 and is all-in
kiwis1966: folds 
Pellone23: folds 
Gabrielfs13: folds 
terminapaul: folds 
Uncalled bet (1980) returned to spike1962696
spike1962696 collected 1360 from pot
spike1962696: doesn't show hand 
*** SUMMARY ***
Total pot 1360 | Rake 0 
Seat 1: kiwis1966 folded before Flop (didn't bet)
Seat 3: Pellone23 (button) folded before Flop (didn't bet)
Seat 4: Gabrielfs13 (small blind) folded before Flop
Seat 5: terminapaul (big blind) folded before Flop
Seat 6: Mertz18 folded before Flop (didn't bet)
Seat 8: spike1962696 collected (1360)



PokerStars Hand #257061232759: Tournament #3912024153, $4.80+$5.00+$1.20 USD Hold'em No Limit - Level IX (200/400) - 2025/07/23 16:21:46 BRT [2025/07/23 15:21:46 ET]
Table '3912024153 10' 8-max Seat #4 is the button
Seat 1: kiwis1966 (8102 in chips, $8.75 bounty) 
Seat 3: Pellone23 (5412 in chips, $5 bounty) 
Seat 4: Gabrielfs13 (4863 in chips, $7.50 bounty) 
Seat 5: terminapaul (9723 in chips, $5 bounty) 
Seat 6: Mertz18 (9488 in chips, $7.50 bounty) 
Seat 8: spike1962696 (3340 in chips, $5 bounty) 
kiwis1966: posts the ante 60
Pellone23: posts the ante 60
Gabrielfs13: posts the ante 60
terminapaul: posts the ante 60
Mertz18: posts the ante 60
spike1962696: posts the ante 60
terminapaul: posts small blind 200
Mertz18: posts big blind 400
*** HOLE CARDS ***
Dealt to Gabrielfs13 [9c 6d]
spike1962696: folds 
MrMortgage1 is disconnected 
TheDorkSlayer is disconnected 
kiwis1966: raises 400 to 800
Pellone23: folds 
Gabrielfs13: folds 
terminapaul: folds 
Mertz18: calls 400
*** FLOP *** [Th 3c 4h]
Mertz18: checks 
kiwis1966: bets 400
Mertz18: folds 
Uncalled bet (400) returned to kiwis1966
kiwis1966 collected 2160 from pot
kiwis1966: doesn't show hand 
*** SUMMARY ***
Total pot 2160 | Rake 0 
Board [Th 3c 4h]
Seat 1: kiwis1966 collected (2160)
Seat 3: Pellone23 folded before Flop (didn't bet)
Seat 4: Gabrielfs13 (button) folded before Flop (didn't bet)
Seat 5: terminapaul (small blind) folded before Flop
Seat 6: Mertz18 (big blind) folded on the Flop
Seat 8: spike1962696 folded before Flop (didn't bet)



PokerStars Hand #257061243320: Tournament #3912024153, $4.80+$5.00+$1.20 USD Hold'em No Limit - Level IX (200/400) - 2025/07/23 16:22:31 BRT [2025/07/23 15:22:31 ET]
Table '3912024153 10' 8-max Seat #5 is the button
Seat 1: kiwis1966 (9402 in chips, $8.75 bounty) 
Seat 2: MrMortgage1 (16772 in chips, $7.50 bounty) 
Seat 3: Pellone23 (5352 in chips, $5 bounty) 
Seat 4: Gabrielfs13 (4803 in chips, $7.50 bounty) 
Seat 5: terminapaul (9463 in chips, $5 bounty) 
Seat 6: Mertz18 (8628 in chips, $7.50 bounty) 
Seat 7: TheDorkSlayer (578 in chips, $5 bounty) 
Seat 8: spike1962696 (3280 in chips, $5 bounty) 
kiwis1966: posts the ante 60
MrMortgage1: posts the ante 60
Pellone23: posts the ante 60
Gabrielfs13: posts the ante 60
terminapaul: posts the ante 60
Mertz18: posts the ante 60
TheDorkSlayer: posts the ante 60
spike1962696: posts the ante 60
Mertz18: posts small blind 200
TheDorkSlayer: posts big blind 400
*** HOLE CARDS ***
Dealt to Gabrielfs13 [2c 2s]
spike1962696: folds 
kiwis1966: raises 1480 to 1880
MrMortgage1: folds 
Pellone23: folds 
Gabrielfs13: folds 
terminapaul: folds 
Mertz18: folds 
TheDorkSlayer: calls 118 and is all-in
Uncalled bet (1362) returned to kiwis1966
*** FLOP *** [6c Qs Kc]
*** TURN *** [6c Qs Kc] [Js]
*** RIVER *** [6c Qs Kc Js] [Jc]
*** SHOW DOWN ***
TheDorkSlayer: shows [8d 4s] (a pair of Jacks)
kiwis1966: shows [Ts Tc] (two pair, Jacks and Tens)
kiwis1966 collected 1716 from pot
kiwis1966 wins $2.50 for eliminating TheDorkSlayer and their own bounty increases by $2.50 to $11.25
TheDorkSlayer finished the tournament
*** SUMMARY ***
Total pot 1716 | Rake 0 
Board [6c Qs Kc Js Jc]
Seat 1: kiwis1966 showed [Ts Tc] and won (1716) with two pair, Jacks and Tens
Seat 2: MrMortgage1 folded before Flop (didn't bet)
Seat 3: Pellone23 folded before Flop (didn't bet)
Seat 4: Gabrielfs13 folded before Flop (didn't bet)
Seat 5: terminapaul (button) folded before Flop (didn't bet)
Seat 6: Mertz18 (small blind) folded before Flop
Seat 7: TheDorkSlayer (big blind) showed [8d 4s] and lost with a pair of Jacks
Seat 8: spike1962696 folded before Flop (didn't bet)



PokerStars Hand #257061248940: Tournament #3912024153, $4.80+$5.00+$1.20 USD Hold'em No Limit - Level IX (200/400) - 2025/07/23 16:22:55 BRT [2025/07/23 15:22:55 ET]
Table '3912024153 10' 8-max Seat #6 is the button
Seat 1: kiwis1966 (10540 in chips, $11.25 bounty) 
Seat 2: MrMortgage1 (16712 in chips, $7.50 bounty) 
Seat 3: Pellone23 (5292 in chips, $5 bounty) 
Seat 4: Gabrielfs13 (4743 in chips, $7.50 bounty) 
Seat 5: terminapaul (9403 in chips, $5 bounty) 
Seat 6: Mertz18 (8368 in chips, $7.50 bounty) 
Seat 8: spike1962696 (3220 in chips, $5 bounty) 
kiwis1966: posts the ante 60
MrMortgage1: posts the ante 60
Pellone23: posts the ante 60
Gabrielfs13: posts the ante 60
terminapaul: posts the ante 60
Mertz18: posts the ante 60
spike1962696: posts the ante 60
spike1962696: posts small blind 200
kiwis1966: posts big blind 400
*** HOLE CARDS ***
Dealt to Gabrielfs13 [7h 7c]
MrMortgage1: calls 400
Pellone23: folds 
Gabrielfs13: raises 4283 to 4683 and is all-in
terminapaul: folds 
Mertz18: folds 
spike1962696: folds 
kiwis1966: folds 
MrMortgage1: folds 
Uncalled bet (4283) returned to Gabrielfs13
Gabrielfs13 collected 1820 from pot
Gabrielfs13: doesn't show hand 
*** SUMMARY ***
Total pot 1820 | Rake 0 
Seat 1: kiwis1966 (big blind) folded before Flop
Seat 2: MrMortgage1 folded before Flop
Seat 3: Pellone23 folded before Flop (didn't bet)
Seat 4: Gabrielfs13 collected (1820)
Seat 5: terminapaul folded before Flop (didn't bet)
Seat 6: Mertz18 (button) folded before Flop (didn't bet)
Seat 8: spike1962696 (small blind) folded before Flop



PokerStars Hand #257061254647: Tournament #3912024153, $4.80+$5.00+$1.20 USD Hold'em No Limit - Level IX (200/400) - 2025/07/23 16:23:20 BRT [2025/07/23 15:23:20 ET]
Table '3912024153 10' 8-max Seat #8 is the button
Seat 1: kiwis1966 (10080 in chips, $11.25 bounty) 
Seat 2: MrMortgage1 (16252 in chips, $7.50 bounty) 
Seat 3: Pellone23 (5232 in chips, $5 bounty) 
Seat 4: Gabrielfs13 (6103 in chips, $7.50 bounty) 
Seat 5: terminapaul (9343 in chips, $5 bounty) 
Seat 6: Mertz18 (8308 in chips, $7.50 bounty) 
Seat 8: spike1962696 (2960 in chips, $5 bounty) 
kiwis1966: posts the ante 60
MrMortgage1: posts the ante 60
Pellone23: posts the ante 60
Gabrielfs13: posts the ante 60
terminapaul: posts the ante 60
Mertz18: posts the ante 60
spike1962696: posts the ante 60
kiwis1966: posts small blind 200
MrMortgage1: posts big blind 400
*** HOLE CARDS ***
Dealt to Gabrielfs13 [4s Ks]
Pellone23: folds 
Gabrielfs13: folds 
terminapaul: folds 
Mertz18: folds 
spike1962696: raises 2500 to 2900 and is all-in
kiwis1966: folds 
MrMortgage1: calls 2500
*** FLOP *** [Jd 3c Ac]
*** TURN *** [Jd 3c Ac] [8h]
*** RIVER *** [Jd 3c Ac 8h] [5c]
*** SHOW DOWN ***
MrMortgage1: shows [Ad 7h] (a pair of Aces)
spike1962696: shows [Kh Ah] (a pair of Aces - King kicker)
spike1962696 collected 6420 from pot
*** SUMMARY ***
Total pot 6420 | Rake 0 
Board [Jd 3c Ac 8h 5c]
Seat 1: kiwis1966 (small blind) folded before Flop
Seat 2: MrMortgage1 (big blind) showed [Ad 7h] and lost with a pair of Aces
Seat 3: Pellone23 folded before Flop (didn't bet)
Seat 4: Gabrielfs13 folded before Flop (didn't bet)
Seat 5: terminapaul folded before Flop (didn't bet)
Seat 6: Mertz18 folded before Flop (didn't bet)
Seat 8: spike1962696 (button) showed [Kh Ah] and won (6420) with a pair of Aces



PokerStars Hand #257061262118: Tournament #3912024153, $4.80+$5.00+$1.20 USD Hold'em No Limit - Level IX (200/400) - 2025/07/23 16:23:51 BRT [2025/07/23 15:23:51 ET]
Table '3912024153 10' 8-max Seat #1 is the button
Seat 1: kiwis1966 (9820 in chips, $11.25 bounty) 
Seat 2: MrMortgage1 (13292 in chips, $7.50 bounty) 
Seat 3: Pellone23 (5172 in chips, $5 bounty) 
Seat 4: Gabrielfs13 (6043 in chips, $7.50 bounty) 
Seat 5: terminapaul (9283 in chips, $5 bounty) 
Seat 6: Mertz18 (8248 in chips, $7.50 bounty) 
Seat 8: spike1962696 (6420 in chips, $5 bounty) 
kiwis1966: posts the ante 60
MrMortgage1: posts the ante 60
Pellone23: posts the ante 60
Gabrielfs13: posts the ante 60
terminapaul: posts the ante 60
Mertz18: posts the ante 60
spike1962696: posts the ante 60
MrMortgage1: posts small blind 200
Pellone23: posts big blind 400
*** HOLE CARDS ***
Dealt to Gabrielfs13 [6h 2s]
Gabrielfs13: folds 
terminapaul: folds 
Mertz18: folds 
spike1962696: calls 400
kiwis1966: calls 400
MrMortgage1: folds 
Pellone23: checks 
*** FLOP *** [Tc 5d 3h]
Pellone23: checks 
spike1962696: bets 910
kiwis1966: folds 
Pellone23: folds 
Uncalled bet (910) returned to spike1962696
spike1962696 collected 1820 from pot
spike1962696: doesn't show hand 
*** SUMMARY ***
Total pot 1820 | Rake 0 
Board [Tc 5d 3h]
Seat 1: kiwis1966 (button) folded on the Flop
Seat 2: MrMortgage1 (small blind) folded before Flop
Seat 3: Pellone23 (big blind) folded on the Flop
Seat 4: Gabrielfs13 folded before Flop (didn't bet)
Seat 5: terminapaul folded before Flop (didn't bet)
Seat 6: Mertz18 folded before Flop (didn't bet)
Seat 8: spike1962696 collected (1820)



PokerStars Hand #257061270886: Tournament #3912024153, $4.80+$5.00+$1.20 USD Hold'em No Limit - Level IX (200/400) - 2025/07/23 16:24:29 BRT [2025/07/23 15:24:29 ET]
Table '3912024153 10' 8-max Seat #2 is the button
Seat 1: kiwis1966 (9360 in chips, $11.25 bounty) 
Seat 2: MrMortgage1 (13032 in chips, $7.50 bounty) 
Seat 3: Pellone23 (4712 in chips, $5 bounty) 
Seat 4: Gabrielfs13 (5983 in chips, $7.50 bounty) 
Seat 5: terminapaul (9223 in chips, $5 bounty) 
Seat 6: Mertz18 (8188 in chips, $7.50 bounty) 
Seat 8: spike1962696 (7780 in chips, $5 bounty) 
kiwis1966: posts the ante 60
MrMortgage1: posts the ante 60
Pellone23: posts the ante 60
Gabrielfs13: posts the ante 60
terminapaul: posts the ante 60
Mertz18: posts the ante 60
spike1962696: posts the ante 60
Pellone23: posts small blind 200
Gabrielfs13: posts big blind 400
*** HOLE CARDS ***
Dealt to Gabrielfs13 [8h Jc]
terminapaul: folds 
Mertz18: raises 480 to 880
spike1962696: calls 880
kiwis1966: folds 
MrMortgage1: calls 880
Pellone23: raises 3772 to 4652 and is all-in
Gabrielfs13: folds 
Mertz18: raises 3476 to 8128 and is all-in
spike1962696: folds 
MrMortgage1: folds 
Uncalled bet (3476) returned to Mertz18
*** FLOP *** [6s 5h 2c]
*** TURN *** [6s 5h 2c] [6c]
*** RIVER *** [6s 5h 2c 6c] [4h]
*** SHOW DOWN ***
Pellone23: shows [Tc Td] (two pair, Tens and Sixes)
Mertz18: shows [Qh Ks] (a pair of Sixes)
Pellone23 collected 11884 from pot
*** SUMMARY ***
Total pot 11884 | Rake 0 
Board [6s 5h 2c 6c 4h]
Seat 1: kiwis1966 folded before Flop (didn't bet)
Seat 2: MrMortgage1 (button) folded before Flop
Seat 3: Pellone23 (small blind) showed [Tc Td] and won (11884) with two pair, Tens and Sixes
Seat 4: Gabrielfs13 (big blind) folded before Flop
Seat 5: terminapaul folded before Flop (didn't bet)
Seat 6: Mertz18 showed [Qh Ks] and lost with a pair of Sixes
Seat 8: spike1962696 folded before Flop



PokerStars Hand #257061280987: Tournament #3912024153, $4.80+$5.00+$1.20 USD Hold'em No Limit - Level X (250/500) - 2025/07/23 16:25:12 BRT [2025/07/23 15:25:12 ET]
Table '3912024153 10' 8-max Seat #3 is the button
Seat 1: kiwis1966 (9300 in chips, $11.25 bounty) 
Seat 2: MrMortgage1 (12092 in chips, $7.50 bounty) 
Seat 3: Pellone23 (11884 in chips, $5 bounty) 
Seat 4: Gabrielfs13 (5523 in chips, $7.50 bounty) 
Seat 5: terminapaul (9163 in chips, $5 bounty) 
Seat 6: Mertz18 (3476 in chips, $7.50 bounty) 
Seat 7: WPTdibby (1333 in chips, $5 bounty) is sitting out
Seat 8: spike1962696 (6840 in chips, $5 bounty) 
kiwis1966: posts the ante 80
MrMortgage1: posts the ante 80
Pellone23: posts the ante 80
Gabrielfs13: posts the ante 80
terminapaul: posts the ante 80
Mertz18: posts the ante 80
WPTdibby: posts the ante 80
spike1962696: posts the ante 80
Gabrielfs13: posts small blind 250
terminapaul: posts big blind 500
*** HOLE CARDS ***
Dealt to Gabrielfs13 [2h Ah]
Mertz18: folds 
WPTdibby: folds 
spike1962696: calls 500
kiwis1966: raises 2390 to 2890
MrMortgage1: raises 9122 to 12012 and is all-in
Pellone23: folds 
Gabrielfs13: folds 
terminapaul: calls 8583 and is all-in
spike1962696: folds 
kiwis1966: calls 6330 and is all-in
Uncalled bet (2792) returned to MrMortgage1
*** FLOP *** [7s 2c 9c]
*** TURN *** [7s 2c 9c] [Kh]
*** RIVER *** [7s 2c 9c Kh] [Qs]
*** SHOW DOWN ***
kiwis1966: shows [Ac Kd] (a pair of Kings)
MrMortgage1: shows [Qh Qc] (three of a kind, Queens)
MrMortgage1 collected 274 from side pot
terminapaul: shows [Ks Kc] (three of a kind, Kings)
terminapaul collected 28639 from main pot
MrMortgage1 wins $5.63 for eliminating kiwis1966 and their own bounty increases by $5.62 to $13.12
kiwis1966 finished the tournament
*** SUMMARY ***
Total pot 28913 Main pot 28639. Side pot 274. | Rake 0 
Board [7s 2c 9c Kh Qs]
Seat 1: kiwis1966 showed [Ac Kd] and lost with a pair of Kings
Seat 2: MrMortgage1 showed [Qh Qc] and won (274) with three of a kind, Queens
Seat 3: Pellone23 (button) folded before Flop (didn't bet)
Seat 4: Gabrielfs13 (small blind) folded before Flop
Seat 5: terminapaul (big blind) showed [Ks Kc] and won (28639) with three of a kind, Kings
Seat 6: Mertz18 folded before Flop (didn't bet)
Seat 7: WPTdibby folded before Flop (didn't bet)
Seat 8: spike1962696 folded before Flop



PokerStars Hand #257061290228: Tournament #3912024153, $4.80+$5.00+$1.20 USD Hold'em No Limit - Level X (250/500) - 2025/07/23 16:25:52 BRT [2025/07/23 15:25:52 ET]
Table '3912024153 10' 8-max Seat #4 is the button
Seat 2: MrMortgage1 (3066 in chips, $13.12 bounty) 
Seat 3: Pellone23 (11804 in chips, $5 bounty) 
Seat 4: Gabrielfs13 (5193 in chips, $7.50 bounty) 
Seat 5: terminapaul (28639 in chips, $5 bounty) 
Seat 6: Mertz18 (3396 in chips, $7.50 bounty) 
Seat 7: WPTdibby (1253 in chips, $5 bounty) is sitting out
Seat 8: spike1962696 (6260 in chips, $5 bounty) 
MrMortgage1: posts the ante 80
Pellone23: posts the ante 80
Gabrielfs13: posts the ante 80
terminapaul: posts the ante 80
Mertz18: posts the ante 80
WPTdibby: posts the ante 80
spike1962696: posts the ante 80
terminapaul: posts small blind 250
Mertz18: posts big blind 500
*** HOLE CARDS ***
Dealt to Gabrielfs13 [Qc 3d]
WPTdibby: folds 
spike1962696: calls 500
MrMortgage1: folds 
Pellone23: calls 500
Gabrielfs13: folds 
terminapaul: folds 
Mertz18: raises 2816 to 3316 and is all-in
spike1962696: calls 2816
Pellone23: folds 
*** FLOP *** [2d 8c Qd]
*** TURN *** [2d 8c Qd] [Tc]
*** RIVER *** [2d 8c Qd Tc] [Ts]
*** SHOW DOWN ***
Mertz18: shows [8d Ad] (two pair, Tens and Eights)
spike1962696: shows [9d Jd] (a straight, Eight to Queen)
spike1962696 collected 7942 from pot
spike1962696 wins $3.75 for eliminating Mertz18 and their own bounty increases by $3.75 to $8.75
Mertz18 finished the tournament in 49th place
*** SUMMARY ***
Total pot 7942 | Rake 0 
Board [2d 8c Qd Tc Ts]
Seat 2: MrMortgage1 folded before Flop (didn't bet)
Seat 3: Pellone23 folded before Flop
Seat 4: Gabrielfs13 (button) folded before Flop (didn't bet)
Seat 5: terminapaul (small blind) folded before Flop
Seat 6: Mertz18 (big blind) showed [8d Ad] and lost with two pair, Tens and Eights
Seat 7: WPTdibby folded before Flop (didn't bet)
Seat 8: spike1962696 showed [9d Jd] and won (7942) with a straight, Eight to Queen



PokerStars Hand #257061303218: Tournament #3912024153, $4.80+$5.00+$1.20 USD Hold'em No Limit - Level X (250/500) - 2025/07/23 16:26:48 BRT [2025/07/23 15:26:48 ET]
Table '3912024153 12' 8-max Seat #4 is the button
Seat 1: Gabrielfs13 (5113 in chips, $7.50 bounty) 
Seat 2: cozmike (34249 in chips, $18.75 bounty) 
Seat 4: JustPro10 (4440 in chips, $7.50 bounty) 
Seat 5: sto99 db (7506 in chips, $10 bounty) 
Seat 6: DrFlex247 (34103 in chips, $12.50 bounty) 
Seat 7: knerrad29 (16946 in chips, $11.25 bounty) 
Seat 8: Pellone23 (11224 in chips, $5 bounty) 
Gabrielfs13: posts the ante 80
cozmike: posts the ante 80
JustPro10: posts the ante 80
sto99 db: posts the ante 80
DrFlex247: posts the ante 80
knerrad29: posts the ante 80
Pellone23: posts the ante 80
sto99 db: posts small blind 250
DrFlex247: posts big blind 500
*** HOLE CARDS ***
Dealt to Gabrielfs13 [9d 2h]
knerrad29: folds 
Pellone23: folds 
Gabrielfs13: folds 
cozmike: folds 
JustPro10: folds 
sto99 db: folds 
Uncalled bet (250) returned to DrFlex247
DrFlex247 collected 1060 from pot
DrFlex247: doesn't show hand 
*** SUMMARY ***
Total pot 1060 | Rake 0 
Seat 1: Gabrielfs13 folded before Flop (didn't bet)
Seat 2: cozmike folded before Flop (didn't bet)
Seat 4: JustPro10 (button) folded before Flop (didn't bet)
Seat 5: sto99 db (small blind) folded before Flop
Seat 6: DrFlex247 (big blind) collected (1060)
Seat 7: knerrad29 folded before Flop (didn't bet)
Seat 8: Pellone23 folded before Flop (didn't bet)



PokerStars Hand #257061308798: Tournament #3912024153, $4.80+$5.00+$1.20 USD Hold'em No Limit - Level X (250/500) - 2025/07/23 16:27:12 BRT [2025/07/23 15:27:12 ET]
Table '3912024153 12' 8-max Seat #5 is the button
Seat 1: Gabrielfs13 (5033 in chips, $7.50 bounty) 
Seat 2: cozmike (34169 in chips, $18.75 bounty) 
Seat 4: JustPro10 (4360 in chips, $7.50 bounty) 
Seat 5: sto99 db (7176 in chips, $10 bounty) 
Seat 6: DrFlex247 (34833 in chips, $12.50 bounty) 
Seat 7: knerrad29 (16866 in chips, $11.25 bounty) 
Seat 8: Pellone23 (11144 in chips, $5 bounty) 
Gabrielfs13: posts the ante 80
cozmike: posts the ante 80
JustPro10: posts the ante 80
sto99 db: posts the ante 80
DrFlex247: posts the ante 80
knerrad29: posts the ante 80
Pellone23: posts the ante 80
DrFlex247: posts small blind 250
knerrad29: posts big blind 500
*** HOLE CARDS ***
Dealt to Gabrielfs13 [2s 7c]
Pellone23: folds 
Gabrielfs13: folds 
cozmike: calls 500
JustPro10: folds 
sto99 db: folds 
DrFlex247: folds 
knerrad29: checks 
*** FLOP *** [4h Jh Tc]
knerrad29: checks 
cozmike: checks 
*** TURN *** [4h Jh Tc] [Th]
knerrad29: checks 
cozmike: bets 905
knerrad29: folds 
Uncalled bet (905) returned to cozmike
cozmike collected 1810 from pot
*** SUMMARY ***
Total pot 1810 | Rake 0 
Board [4h Jh Tc Th]
Seat 1: Gabrielfs13 folded before Flop (didn't bet)
Seat 2: cozmike collected (1810)
Seat 4: JustPro10 folded before Flop (didn't bet)
Seat 5: sto99 db (button) folded before Flop (didn't bet)
Seat 6: DrFlex247 (small blind) folded before Flop
Seat 7: knerrad29 (big blind) folded on the Turn
Seat 8: Pellone23 folded before Flop (didn't bet)



PokerStars Hand #257061319195: Tournament #3912024153, $4.80+$5.00+$1.20 USD Hold'em No Limit - Level X (250/500) - 2025/07/23 16:27:56 BRT [2025/07/23 15:27:56 ET]
Table '3912024153 12' 8-max Seat #6 is the button
Seat 1: Gabrielfs13 (4953 in chips, $7.50 bounty) 
Seat 2: cozmike (35399 in chips, $18.75 bounty) 
Seat 4: JustPro10 (4280 in chips, $7.50 bounty) 
Seat 5: sto99 db (7096 in chips, $10 bounty) 
Seat 6: DrFlex247 (34503 in chips, $12.50 bounty) 
Seat 7: knerrad29 (16286 in chips, $11.25 bounty) 
Seat 8: Pellone23 (11064 in chips, $5 bounty) 
Gabrielfs13: posts the ante 80
cozmike: posts the ante 80
JustPro10: posts the ante 80
sto99 db: posts the ante 80
DrFlex247: posts the ante 80
knerrad29: posts the ante 80
Pellone23: posts the ante 80
knerrad29: posts small blind 250
Pellone23: posts big blind 500
*** HOLE CARDS ***
Dealt to Gabrielfs13 [Qs 5h]
Gabrielfs13: folds 
cozmike: raises 1810 to 2310
JustPro10: folds 
sto99 db: folds 
DrFlex247: folds 
knerrad29: folds 
Pellone23: folds 
Uncalled bet (1810) returned to cozmike
cozmike collected 1810 from pot
*** SUMMARY ***
Total pot 1810 | Rake 0 
Seat 1: Gabrielfs13 folded before Flop (didn't bet)
Seat 2: cozmike collected (1810)
Seat 4: JustPro10 folded before Flop (didn't bet)
Seat 5: sto99 db folded before Flop (didn't bet)
Seat 6: DrFlex247 (button) folded before Flop (didn't bet)
Seat 7: knerrad29 (small blind) folded before Flop
Seat 8: Pellone23 (big blind) folded before Flop



PokerStars Hand #257061323125: Tournament #3912024153, $4.80+$5.00+$1.20 USD Hold'em No Limit - Level X (250/500) - 2025/07/23 16:28:13 BRT [2025/07/23 15:28:13 ET]
Table '3912024153 12' 8-max Seat #7 is the button
Seat 1: Gabrielfs13 (4873 in chips, $7.50 bounty) 
Seat 2: cozmike (36629 in chips, $18.75 bounty) 
Seat 4: JustPro10 (4200 in chips, $7.50 bounty) 
Seat 5: sto99 db (7016 in chips, $10 bounty) 
Seat 6: DrFlex247 (34423 in chips, $12.50 bounty) 
Seat 7: knerrad29 (15956 in chips, $11.25 bounty) 
Seat 8: Pellone23 (10484 in chips, $5 bounty) 
Gabrielfs13: posts the ante 80
cozmike: posts the ante 80
JustPro10: posts the ante 80
sto99 db: posts the ante 80
DrFlex247: posts the ante 80
knerrad29: posts the ante 80
Pellone23: posts the ante 80
Pellone23: posts small blind 250
Gabrielfs13: posts big blind 500
*** HOLE CARDS ***
Dealt to Gabrielfs13 [8d As]
cozmike: calls 500
JustPro10: folds 
sto99 db: calls 500
DrFlex247: folds 
knerrad29: folds 
Pellone23: calls 250
Gabrielfs13: checks 
*** FLOP *** [4s 2d 8s]
Pellone23: checks 
Gabrielfs13: bets 4293 and is all-in
cozmike: folds 
sto99 db: folds 
Pellone23: calls 4293
*** TURN *** [4s 2d 8s] [Ad]
*** RIVER *** [4s 2d 8s Ad] [6c]
*** SHOW DOWN ***
Pellone23: shows [9s Qs] (high card Ace)
Gabrielfs13: shows [8d As] (two pair, Aces and Eights)
Gabrielfs13 collected 11146 from pot
*** SUMMARY ***
Total pot 11146 | Rake 0 
Board [4s 2d 8s Ad 6c]
Seat 1: Gabrielfs13 (big blind) showed [8d As] and won (11146) with two pair, Aces and Eights
Seat 2: cozmike folded on the Flop
Seat 4: JustPro10 folded before Flop (didn't bet)
Seat 5: sto99 db folded on the Flop
Seat 6: DrFlex247 folded before Flop (didn't bet)
Seat 7: knerrad29 (button) folded before Flop (didn't bet)
Seat 8: Pellone23 (small blind) showed [9s Qs] and lost with high card Ace



PokerStars Hand #257061330345: Tournament #3912024153, $4.80+$5.00+$1.20 USD Hold'em No Limit - Level X (250/500) - 2025/07/23 16:28:43 BRT [2025/07/23 15:28:43 ET]
Table '3912024153 12' 8-max Seat #8 is the button
Seat 1: Gabrielfs13 (11146 in chips, $7.50 bounty) 
Seat 2: cozmike (36049 in chips, $18.75 bounty) 
Seat 4: JustPro10 (4120 in chips, $7.50 bounty) 
Seat 5: sto99 db (6436 in chips, $10 bounty) 
Seat 6: DrFlex247 (34343 in chips, $12.50 bounty) 
Seat 7: knerrad29 (15876 in chips, $11.25 bounty) 
Seat 8: Pellone23 (5611 in chips, $5 bounty) 
Gabrielfs13: posts the ante 80
cozmike: posts the ante 80
JustPro10: posts the ante 80
sto99 db: posts the ante 80
DrFlex247: posts the ante 80
knerrad29: posts the ante 80
Pellone23: posts the ante 80
Gabrielfs13: posts small blind 250
cozmike: posts big blind 500
*** HOLE CARDS ***
Dealt to Gabrielfs13 [Ks 6s]
JustPro10: raises 3500 to 4000
sto99 db: folds 
DrFlex247: folds 
knerrad29: folds 
Pellone23: folds 
Gabrielfs13: folds 
cozmike: folds 
Uncalled bet (3500) returned to JustPro10
JustPro10 collected 1810 from pot
JustPro10: doesn't show hand 
*** SUMMARY ***
Total pot 1810 | Rake 0 
Seat 1: Gabrielfs13 (small blind) folded before Flop
Seat 2: cozmike (big blind) folded before Flop
Seat 4: JustPro10 collected (1810)
Seat 5: sto99 db folded before Flop (didn't bet)
Seat 6: DrFlex247 folded before Flop (didn't bet)
Seat 7: knerrad29 folded before Flop (didn't bet)
Seat 8: Pellone23 (button) folded before Flop (didn't bet)



PokerStars Hand #257061335668: Tournament #3912024153, $4.80+$5.00+$1.20 USD Hold'em No Limit - Level X (250/500) - 2025/07/23 16:29:06 BRT [2025/07/23 15:29:06 ET]
Table '3912024153 12' 8-max Seat #1 is the button
Seat 1: Gabrielfs13 (10816 in chips, $7.50 bounty) 
Seat 2: cozmike (35469 in chips, $18.75 bounty) 
Seat 4: JustPro10 (5350 in chips, $7.50 bounty) 
Seat 5: sto99 db (6356 in chips, $10 bounty) 
Seat 6: DrFlex247 (34263 in chips, $12.50 bounty) 
Seat 7: knerrad29 (15796 in chips, $11.25 bounty) 
Seat 8: Pellone23 (5531 in chips, $5 bounty) 
Gabrielfs13: posts the ante 80
cozmike: posts the ante 80
JustPro10: posts the ante 80
sto99 db: posts the ante 80
DrFlex247: posts the ante 80
knerrad29: posts the ante 80
Pellone23: posts the ante 80
cozmike: posts small blind 250
JustPro10: posts big blind 500
*** HOLE CARDS ***
Dealt to Gabrielfs13 [Kh Jc]
sto99 db: raises 5776 to 6276 and is all-in
DrFlex247: folds 
knerrad29: folds 
Pellone23: folds 
Gabrielfs13: raises 4460 to 10736 and is all-in
cozmike: folds 
JustPro10: folds 
Uncalled bet (4460) returned to Gabrielfs13
*** FLOP *** [Ad 5h Ah]
*** TURN *** [Ad 5h Ah] [6h]
*** RIVER *** [Ad 5h Ah 6h] [7c]
*** SHOW DOWN ***
sto99 db: shows [Jd Jh] (two pair, Aces and Jacks)
Gabrielfs13: shows [Kh Jc] (a pair of Aces)
sto99 db collected 13862 from pot
Bozo Bozal is disconnected 
*** SUMMARY ***
Total pot 13862 | Rake 0 
Board [Ad 5h Ah 6h 7c]
Seat 1: Gabrielfs13 (button) showed [Kh Jc] and lost with a pair of Aces
Seat 2: cozmike (small blind) folded before Flop
Seat 4: JustPro10 (big blind) folded before Flop
Seat 5: sto99 db showed [Jd Jh] and won (13862) with two pair, Aces and Jacks
Seat 6: DrFlex247 folded before Flop (didn't bet)
Seat 7: knerrad29 folded before Flop (didn't bet)
Seat 8: Pellone23 folded before Flop (didn't bet)



PokerStars Hand #257061341518: Tournament #3912024153, $4.80+$5.00+$1.20 USD Hold'em No Limit - Level X (250/500) - 2025/07/23 16:29:31 BRT [2025/07/23 15:29:31 ET]
Table '3912024153 12' 8-max Seat #2 is the button
Seat 1: Gabrielfs13 (4460 in chips, $7.50 bounty) 
Seat 2: cozmike (35139 in chips, $18.75 bounty) 
Seat 3: Bozo Bozal (40514 in chips) out of hand (moved from another table into small blind)
Seat 4: JustPro10 (4770 in chips, $7.50 bounty) 
Seat 5: sto99 db (13862 in chips, $10 bounty) 
Seat 6: DrFlex247 (34183 in chips, $12.50 bounty) 
Seat 7: knerrad29 (15716 in chips, $11.25 bounty) 
Seat 8: Pellone23 (5451 in chips, $5 bounty) 
Bozo Bozal will be allowed to play after the button
Gabrielfs13: posts the ante 80
cozmike: posts the ante 80
JustPro10: posts the ante 80
sto99 db: posts the ante 80
DrFlex247: posts the ante 80
knerrad29: posts the ante 80
Pellone23: posts the ante 80
JustPro10: posts small blind 250
sto99 db: posts big blind 500
*** HOLE CARDS ***
Dealt to Gabrielfs13 [Qd 5d]
DrFlex247: folds 
knerrad29: folds 
Pellone23: folds 
Gabrielfs13: folds 
cozmike: folds 
JustPro10: raises 4190 to 4690 and is all-in
sto99 db: folds 
Uncalled bet (4190) returned to JustPro10
JustPro10 collected 1560 from pot
JustPro10: doesn't show hand 
*** SUMMARY ***
Total pot 1560 | Rake 0 
Seat 1: Gabrielfs13 folded before Flop (didn't bet)
Seat 2: cozmike (button) folded before Flop (didn't bet)
Seat 4: JustPro10 (small blind) collected (1560)
Seat 5: sto99 db (big blind) folded before Flop
Seat 6: DrFlex247 folded before Flop (didn't bet)
Seat 7: knerrad29 folded before Flop (didn't bet)
Seat 8: Pellone23 folded before Flop (didn't bet)



PokerStars Hand #257061346040: Tournament #3912024153, $4.80+$5.00+$1.20 USD Hold'em No Limit - Level X (250/500) - 2025/07/23 16:29:50 BRT [2025/07/23 15:29:50 ET]
Table '3912024153 12' 8-max Seat #4 is the button
Seat 1: Gabrielfs13 (4380 in chips, $7.50 bounty) 
Seat 2: cozmike (35059 in chips, $18.75 bounty) 
Seat 3: Bozo Bozal (40514 in chips, $7.50 bounty) 
Seat 4: JustPro10 (5750 in chips, $7.50 bounty) 
Seat 5: sto99 db (13282 in chips, $10 bounty) 
Seat 6: DrFlex247 (34103 in chips, $12.50 bounty) 
Seat 7: knerrad29 (15636 in chips, $11.25 bounty) 
Seat 8: Pellone23 (5371 in chips, $5 bounty) 
Gabrielfs13: posts the ante 80
cozmike: posts the ante 80
Bozo Bozal: posts the ante 80
JustPro10: posts the ante 80
sto99 db: posts the ante 80
DrFlex247: posts the ante 80
knerrad29: posts the ante 80
Pellone23: posts the ante 80
sto99 db: posts small blind 250
DrFlex247: posts big blind 500
*** HOLE CARDS ***
Dealt to Gabrielfs13 [Js 8s]
knerrad29: raises 500 to 1000
Pellone23: folds 
Gabrielfs13: folds 
cozmike: folds 
Bozo Bozal: folds 
JustPro10: folds 
sto99 db: folds 
DrFlex247: raises 2250 to 3250
knerrad29: calls 2250
*** FLOP *** [9d Ts Ks]
DrFlex247: bets 4821
knerrad29: folds 
Uncalled bet (4821) returned to DrFlex247
DrFlex247 collected 7390 from pot
DrFlex247: doesn't show hand 
*** SUMMARY ***
Total pot 7390 | Rake 0 
Board [9d Ts Ks]
Seat 1: Gabrielfs13 folded before Flop (didn't bet)
Seat 2: cozmike folded before Flop (didn't bet)
Seat 3: Bozo Bozal folded before Flop (didn't bet)
Seat 4: JustPro10 (button) folded before Flop (didn't bet)
Seat 5: sto99 db (small blind) folded before Flop
Seat 6: DrFlex247 (big blind) collected (7390)
Seat 7: knerrad29 folded on the Flop
Seat 8: Pellone23 folded before Flop (didn't bet)



PokerStars Hand #257061358530: Tournament #3912024153, $4.80+$5.00+$1.20 USD Hold'em No Limit - Level XI (300/600) - 2025/07/23 16:30:42 BRT [2025/07/23 15:30:42 ET]
Table '3912024153 12' 8-max Seat #5 is the button
Seat 1: Gabrielfs13 (4300 in chips, $7.50 bounty) 
Seat 2: cozmike (34979 in chips, $18.75 bounty) 
Seat 3: Bozo Bozal (40434 in chips, $7.50 bounty) 
Seat 4: JustPro10 (5670 in chips, $7.50 bounty) 
Seat 5: sto99 db (12952 in chips, $10 bounty) 
Seat 6: DrFlex247 (38163 in chips, $12.50 bounty) 
Seat 7: knerrad29 (12306 in chips, $11.25 bounty) 
Seat 8: Pellone23 (5291 in chips, $5 bounty) 
Gabrielfs13: posts the ante 90
cozmike: posts the ante 90
Bozo Bozal: posts the ante 90
JustPro10: posts the ante 90
sto99 db: posts the ante 90
DrFlex247: posts the ante 90
knerrad29: posts the ante 90
Pellone23: posts the ante 90
DrFlex247: posts small blind 300
knerrad29: posts big blind 600
*** HOLE CARDS ***
Dealt to Gabrielfs13 [Qc Qh]
Pellone23: raises 4601 to 5201 and is all-in
Gabrielfs13: calls 4210 and is all-in
cozmike: folds 
Bozo Bozal: folds 
JustPro10: folds 
sto99 db: folds 
DrFlex247: raises 32872 to 38073 and is all-in
knerrad29: folds 
Uncalled bet (32872) returned to DrFlex247
*** FLOP *** [Qs Js 4s]
*** TURN *** [Qs Js 4s] [7h]
*** RIVER *** [Qs Js 4s 7h] [5d]
*** SHOW DOWN ***
DrFlex247: shows [7d Kh] (a pair of Sevens)
Pellone23: shows [Jc Ad] (a pair of Jacks)
Pellone23 collected 1982 from side pot
Gabrielfs13: shows [Qc Qh] (three of a kind, Queens)
Gabrielfs13 collected 13950 from main pot
*** SUMMARY ***
Total pot 15932 Main pot 13950. Side pot 1982. | Rake 0 
Board [Qs Js 4s 7h 5d]
Seat 1: Gabrielfs13 showed [Qc Qh] and won (13950) with three of a kind, Queens
Seat 2: cozmike folded before Flop (didn't bet)
Seat 3: Bozo Bozal folded before Flop (didn't bet)
Seat 4: JustPro10 folded before Flop (didn't bet)
Seat 5: sto99 db (button) folded before Flop (didn't bet)
Seat 6: DrFlex247 (small blind) showed [7d Kh] and lost with a pair of Sevens
Seat 7: knerrad29 (big blind) folded before Flop
Seat 8: Pellone23 showed [Jc Ad] and won (1982) with a pair of Jacks



PokerStars Hand #257061369793: Tournament #3912024153, $4.80+$5.00+$1.20 USD Hold'em No Limit - Level XI (300/600) - 2025/07/23 16:31:30 BRT [2025/07/23 15:31:30 ET]
Table '3912024153 12' 8-max Seat #6 is the button
Seat 1: Gabrielfs13 (13950 in chips, $7.50 bounty) 
Seat 2: cozmike (34889 in chips, $18.75 bounty) 
Seat 3: Bozo Bozal (40344 in chips, $7.50 bounty) 
Seat 4: JustPro10 (5580 in chips, $7.50 bounty) 
Seat 5: sto99 db (12862 in chips, $10 bounty) 
Seat 6: DrFlex247 (32872 in chips, $12.50 bounty) 
Seat 7: knerrad29 (11616 in chips, $11.25 bounty) 
Seat 8: Pellone23 (1982 in chips, $5 bounty) 
Gabrielfs13: posts the ante 90
cozmike: posts the ante 90
Bozo Bozal: posts the ante 90
JustPro10: posts the ante 90
sto99 db: posts the ante 90
DrFlex247: posts the ante 90
knerrad29: posts the ante 90
Pellone23: posts the ante 90
knerrad29: posts small blind 300
Pellone23: posts big blind 600
*** HOLE CARDS ***
Dealt to Gabrielfs13 [4c 7s]
Gabrielfs13: folds 
cozmike: folds 
Bozo Bozal: raises 600 to 1200
JustPro10: folds 
sto99 db: folds 
DrFlex247: calls 1200
knerrad29: calls 900
Pellone23: raises 692 to 1892 and is all-in
Bozo Bozal: raises 38362 to 40254 and is all-in
DrFlex247: folds 
knerrad29: calls 10326 and is all-in
Uncalled bet (28728) returned to Bozo Bozal
*** FLOP *** [Ts Kc Js]
*** TURN *** [Ts Kc Js] [9h]
*** RIVER *** [Ts Kc Js 9h] [2s]
*** SHOW DOWN ***
knerrad29: shows [Ah Qs] (a straight, Ten to Ace)
Bozo Bozal: shows [3h Kh] (a pair of Kings)
knerrad29 collected 19268 from side pot
Pellone23: shows [Jh Ac] (a pair of Jacks)
knerrad29 collected 7596 from main pot
knerrad29 wins $2.50 for eliminating Pellone23 and their own bounty increases by $2.50 to $13.75
Pellone23 finished the tournament in 36th place
*** SUMMARY ***
Total pot 26864 Main pot 7596. Side pot 19268. | Rake 0 
Board [Ts Kc Js 9h 2s]
Seat 1: Gabrielfs13 folded before Flop (didn't bet)
Seat 2: cozmike folded before Flop (didn't bet)
Seat 3: Bozo Bozal showed [3h Kh] and lost with a pair of Kings
Seat 4: JustPro10 folded before Flop (didn't bet)
Seat 5: sto99 db folded before Flop (didn't bet)
Seat 6: DrFlex247 (button) folded before Flop
Seat 7: knerrad29 (small blind) showed [Ah Qs] and won (26864) with a straight, Ten to Ace
Seat 8: Pellone23 (big blind) showed [Jh Ac] and lost with a pair of Jacks



PokerStars Hand #257061381534: Tournament #3912024153, $4.80+$5.00+$1.20 USD Hold'em No Limit - Level XI (300/600) - 2025/07/23 16:32:20 BRT [2025/07/23 15:32:20 ET]
Table '3912024153 12' 8-max Seat #7 is the button
Seat 1: Gabrielfs13 (13860 in chips, $7.50 bounty) 
Seat 2: cozmike (34799 in chips, $18.75 bounty) 
Seat 3: Bozo Bozal (28728 in chips, $7.50 bounty) 
Seat 4: JustPro10 (5490 in chips, $7.50 bounty) 
Seat 5: sto99 db (12772 in chips, $10 bounty) 
Seat 6: DrFlex247 (31582 in chips, $12.50 bounty) 
Seat 7: knerrad29 (26864 in chips, $13.75 bounty) 
Gabrielfs13: posts the ante 90
cozmike: posts the ante 90
Bozo Bozal: posts the ante 90
JustPro10: posts the ante 90
sto99 db: posts the ante 90
DrFlex247: posts the ante 90
knerrad29: posts the ante 90
Gabrielfs13: posts small blind 300
cozmike: posts big blind 600
*** HOLE CARDS ***
Dealt to Gabrielfs13 [6d 4s]
Bozo Bozal: folds 
JustPro10: folds 
sto99 db: folds 
DrFlex247: folds 
knerrad29: folds 
Gabrielfs13: calls 300
cozmike: checks 
*** FLOP *** [6c 6h 2d]
Gabrielfs13: bets 600
cozmike: folds 
Uncalled bet (600) returned to Gabrielfs13
Gabrielfs13 collected 1830 from pot
Gabrielfs13: doesn't show hand 
*** SUMMARY ***
Total pot 1830 | Rake 0 
Board [6c 6h 2d]
Seat 1: Gabrielfs13 (small blind) collected (1830)
Seat 2: cozmike (big blind) folded on the Flop
Seat 3: Bozo Bozal folded before Flop (didn't bet)
Seat 4: JustPro10 folded before Flop (didn't bet)
Seat 5: sto99 db folded before Flop (didn't bet)
Seat 6: DrFlex247 folded before Flop (didn't bet)
Seat 7: knerrad29 (button) folded before Flop (didn't bet)



PokerStars Hand #257061389790: Tournament #3912024153, $4.80+$5.00+$1.20 USD Hold'em No Limit - Level XI (300/600) - 2025/07/23 16:32:55 BRT [2025/07/23 15:32:55 ET]
Table '3912024153 12' 8-max Seat #1 is the button
Seat 1: Gabrielfs13 (15000 in chips, $7.50 bounty) 
Seat 2: cozmike (34109 in chips, $18.75 bounty) 
Seat 3: Bozo Bozal (28638 in chips, $7.50 bounty) 
Seat 4: JustPro10 (5400 in chips, $7.50 bounty) 
Seat 5: sto99 db (12682 in chips, $10 bounty) 
Seat 6: DrFlex247 (31492 in chips, $12.50 bounty) 
Seat 7: knerrad29 (26774 in chips, $13.75 bounty) 
Gabrielfs13: posts the ante 90
cozmike: posts the ante 90
Bozo Bozal: posts the ante 90
JustPro10: posts the ante 90
sto99 db: posts the ante 90
DrFlex247: posts the ante 90
knerrad29: posts the ante 90
cozmike: posts small blind 300
Bozo Bozal: posts big blind 600
*** HOLE CARDS ***
Dealt to Gabrielfs13 [3d 9h]
JustPro10: raises 4710 to 5310 and is all-in
sto99 db: folds 
DrFlex247: folds 
knerrad29: folds 
Gabrielfs13: folds 
cozmike: folds 
Bozo Bozal: calls 4710
*** FLOP *** [Kc Tc Qd]
*** TURN *** [Kc Tc Qd] [5h]
*** RIVER *** [Kc Tc Qd 5h] [4d]
*** SHOW DOWN ***
Bozo Bozal: shows [5s Ac] (a pair of Fives)
JustPro10: shows [Ad Kh] (a pair of Kings)
JustPro10 collected 11550 from pot
*** SUMMARY ***
Total pot 11550 | Rake 0 
Board [Kc Tc Qd 5h 4d]
Seat 1: Gabrielfs13 (button) folded before Flop (didn't bet)
Seat 2: cozmike (small blind) folded before Flop
Seat 3: Bozo Bozal (big blind) showed [5s Ac] and lost with a pair of Fives
Seat 4: JustPro10 showed [Ad Kh] and won (11550) with a pair of Kings
Seat 5: sto99 db folded before Flop (didn't bet)
Seat 6: DrFlex247 folded before Flop (didn't bet)
Seat 7: knerrad29 folded before Flop (didn't bet)



PokerStars Hand #257061399440: Tournament #3912024153, $4.80+$5.00+$1.20 USD Hold'em No Limit - Level XI (300/600) - 2025/07/23 16:33:36 BRT [2025/07/23 15:33:36 ET]
Table '3912024153 12' 8-max Seat #2 is the button
Seat 1: Gabrielfs13 (14910 in chips, $7.50 bounty) 
Seat 2: cozmike (33719 in chips, $18.75 bounty) 
Seat 3: Bozo Bozal (23238 in chips, $7.50 bounty) 
Seat 4: JustPro10 (11550 in chips, $7.50 bounty) 
Seat 5: sto99 db (12592 in chips, $10 bounty) 
Seat 6: DrFlex247 (31402 in chips, $12.50 bounty) 
Seat 7: knerrad29 (26684 in chips, $13.75 bounty) 
Gabrielfs13: posts the ante 90
cozmike: posts the ante 90
Bozo Bozal: posts the ante 90
JustPro10: posts the ante 90
sto99 db: posts the ante 90
DrFlex247: posts the ante 90
knerrad29: posts the ante 90
Bozo Bozal: posts small blind 300
JustPro10: posts big blind 600
*** HOLE CARDS ***
Dealt to Gabrielfs13 [3h 7d]
sto99 db: folds 
DrFlex247: folds 
knerrad29: raises 600 to 1200
Gabrielfs13: folds 
cozmike: folds 
Bozo Bozal: calls 900
JustPro10: calls 600
*** FLOP *** [Qd 4s Jc]
Bozo Bozal: checks 
JustPro10: checks 
Athens22880 is disconnected 
knerrad29: checks 
*** TURN *** [Qd 4s Jc] [Kd]
Bozo Bozal: checks 
JustPro10: checks 
knerrad29: checks 
*** RIVER *** [Qd 4s Jc Kd] [3d]
Bozo Bozal: checks 
JustPro10: bets 973
knerrad29: folds 
Bozo Bozal: calls 973
*** SHOW DOWN ***
JustPro10: shows [9s Qc] (a pair of Queens)
Bozo Bozal: mucks hand 
JustPro10 collected 6176 from pot
*** SUMMARY ***
Total pot 6176 | Rake 0 
Board [Qd 4s Jc Kd 3d]
Seat 1: Gabrielfs13 folded before Flop (didn't bet)
Seat 2: cozmike (button) folded before Flop (didn't bet)
Seat 3: Bozo Bozal (small blind) mucked [Ac Jd]
Seat 4: JustPro10 (big blind) showed [9s Qc] and won (6176) with a pair of Queens
Seat 5: sto99 db folded before Flop (didn't bet)
Seat 6: DrFlex247 folded before Flop (didn't bet)
Seat 7: knerrad29 folded on the River



PokerStars Hand #257061424885: Tournament #3912024153, $4.80+$5.00+$1.20 USD Hold'em No Limit - Level XII (350/700) - 2025/07/23 16:35:24 BRT [2025/07/23 15:35:24 ET]
Table '3912024153 12' 8-max Seat #3 is the button
Seat 1: Gabrielfs13 (14820 in chips, $7.50 bounty) 
Seat 2: cozmike (33629 in chips, $18.75 bounty) 
Seat 3: Bozo Bozal (20975 in chips, $7.50 bounty) 
Seat 4: JustPro10 (15463 in chips, $7.50 bounty) 
Seat 5: sto99 db (12502 in chips, $10 bounty) 
Seat 6: DrFlex247 (31312 in chips, $12.50 bounty) 
Seat 7: knerrad29 (25394 in chips, $13.75 bounty) 
Seat 8: Athens22880 (26550 in chips, $18.12 bounty) 
Gabrielfs13: posts the ante 110
cozmike: posts the ante 110
Bozo Bozal: posts the ante 110
JustPro10: posts the ante 110
sto99 db: posts the ante 110
DrFlex247: posts the ante 110
knerrad29: posts the ante 110
Athens22880: posts the ante 110
JustPro10: posts small blind 350
sto99 db: posts big blind 700
*** HOLE CARDS ***
Dealt to Gabrielfs13 [8h 4s]
DrFlex247: folds 
knerrad29: folds 
Athens22880: folds 
Gabrielfs13: folds 
cozmike: folds 
Bozo Bozal: folds 
JustPro10: calls 350
sto99 db: checks 
*** FLOP *** [Ah Qc Td]
JustPro10: bets 819
sto99 db: folds 
Uncalled bet (819) returned to JustPro10
JustPro10 collected 2280 from pot
JustPro10: doesn't show hand 
*** SUMMARY ***
Total pot 2280 | Rake 0 
Board [Ah Qc Td]
Seat 1: Gabrielfs13 folded before Flop (didn't bet)
Seat 2: cozmike folded before Flop (didn't bet)
Seat 3: Bozo Bozal (button) folded before Flop (didn't bet)
Seat 4: JustPro10 (small blind) collected (2280)
Seat 5: sto99 db (big blind) folded on the Flop
Seat 6: DrFlex247 folded before Flop (didn't bet)
Seat 7: knerrad29 folded before Flop (didn't bet)
Seat 8: Athens22880 folded before Flop (didn't bet)



PokerStars Hand #257061436002: Tournament #3912024153, $4.80+$5.00+$1.20 USD Hold'em No Limit - Level XII (350/700) - 2025/07/23 16:36:11 BRT [2025/07/23 15:36:11 ET]
Table '3912024153 12' 8-max Seat #4 is the button
Seat 1: Gabrielfs13 (14710 in chips, $7.50 bounty) 
Seat 2: cozmike (33519 in chips, $18.75 bounty) 
Seat 3: Bozo Bozal (20865 in chips, $7.50 bounty) 
Seat 4: JustPro10 (16933 in chips, $7.50 bounty) 
Seat 5: sto99 db (11692 in chips, $10 bounty) 
Seat 7: knerrad29 (25284 in chips, $13.75 bounty) 
Seat 8: Athens22880 (26440 in chips, $18.12 bounty) 
Gabrielfs13: posts the ante 110
cozmike: posts the ante 110
Bozo Bozal: posts the ante 110
JustPro10: posts the ante 110
sto99 db: posts the ante 110
knerrad29: posts the ante 110
Athens22880: posts the ante 110
sto99 db: posts small blind 350
knerrad29: posts big blind 700
*** HOLE CARDS ***
Dealt to Gabrielfs13 [Jd 8h]
Athens22880: folds 
Gabrielfs13: folds 
cozmike: folds 
Bozo Bozal: folds 
JustPro10: raises 721 to 1421
sto99 db: calls 1071
knerrad29: folds 
*** FLOP *** [Qh Tc Ts]
sto99 db: checks 
JustPro10: bets 992
sto99 db: folds 
Uncalled bet (992) returned to JustPro10
JustPro10 collected 4312 from pot
JustPro10: doesn't show hand 
*** SUMMARY ***
Total pot 4312 | Rake 0 
Board [Qh Tc Ts]
Seat 1: Gabrielfs13 folded before Flop (didn't bet)
Seat 2: cozmike folded before Flop (didn't bet)
Seat 3: Bozo Bozal folded before Flop (didn't bet)
Seat 4: JustPro10 (button) collected (4312)
Seat 5: sto99 db (small blind) folded on the Flop
Seat 7: knerrad29 (big blind) folded before Flop
Seat 8: Athens22880 folded before Flop (didn't bet)



PokerStars Hand #257061444044: Tournament #3912024153, $4.80+$5.00+$1.20 USD Hold'em No Limit - Level XII (350/700) - 2025/07/23 16:36:44 BRT [2025/07/23 15:36:44 ET]
Table '3912024153 12' 8-max Seat #5 is the button
Seat 1: Gabrielfs13 (14600 in chips, $7.50 bounty) 
Seat 2: cozmike (33409 in chips, $18.75 bounty) 
Seat 3: Bozo Bozal (20755 in chips, $7.50 bounty) 
Seat 4: JustPro10 (19714 in chips, $7.50 bounty) 
Seat 5: sto99 db (10161 in chips, $10 bounty) 
Seat 7: knerrad29 (24474 in chips, $13.75 bounty) 
Seat 8: Athens22880 (26330 in chips, $18.12 bounty) 
Gabrielfs13: posts the ante 110
cozmike: posts the ante 110
Bozo Bozal: posts the ante 110
JustPro10: posts the ante 110
sto99 db: posts the ante 110
knerrad29: posts the ante 110
Athens22880: posts the ante 110
knerrad29: posts small blind 350
Athens22880: posts big blind 700
*** HOLE CARDS ***
Dealt to Gabrielfs13 [3c 4c]
Gabrielfs13: folds 
cozmike: folds 
Bozo Bozal: raises 770 to 1470
JustPro10: folds 
sto99 db: folds 
knerrad29: calls 1120
Athens22880: folds 
*** FLOP *** [Ts Ac Td]
knerrad29: checks 
Bozo Bozal: checks 
*** TURN *** [Ts Ac Td] [5h]
knerrad29: checks 
Bozo Bozal: checks 
*** RIVER *** [Ts Ac Td 5h] [6c]
knerrad29: bets 3308
Bozo Bozal: folds 
Uncalled bet (3308) returned to knerrad29
knerrad29 collected 4410 from pot
*** SUMMARY ***
Total pot 4410 | Rake 0 
Board [Ts Ac Td 5h 6c]
Seat 1: Gabrielfs13 folded before Flop (didn't bet)
Seat 2: cozmike folded before Flop (didn't bet)
Seat 3: Bozo Bozal folded on the River
Seat 4: JustPro10 folded before Flop (didn't bet)
Seat 5: sto99 db (button) folded before Flop (didn't bet)
Seat 7: knerrad29 (small blind) collected (4410)
Seat 8: Athens22880 (big blind) folded before Flop



PokerStars Hand #257061456917: Tournament #3912024153, $4.80+$5.00+$1.20 USD Hold'em No Limit - Level XII (350/700) - 2025/07/23 16:37:39 BRT [2025/07/23 15:37:39 ET]
Table '3912024153 12' 8-max Seat #7 is the button
Seat 1: Gabrielfs13 (14490 in chips, $7.50 bounty) 
Seat 2: cozmike (33299 in chips, $18.75 bounty) 
Seat 3: Bozo Bozal (19175 in chips, $7.50 bounty) 
Seat 4: JustPro10 (19604 in chips, $7.50 bounty) 
Seat 5: sto99 db (10051 in chips, $10 bounty) 
Seat 7: knerrad29 (27304 in chips, $13.75 bounty) 
Seat 8: Athens22880 (25520 in chips, $18.12 bounty) 
Gabrielfs13: posts the ante 110
cozmike: posts the ante 110
Bozo Bozal: posts the ante 110
JustPro10: posts the ante 110
sto99 db: posts the ante 110
knerrad29: posts the ante 110
Athens22880: posts the ante 110
Athens22880: posts small blind 350
Gabrielfs13: posts big blind 700
*** HOLE CARDS ***
Dealt to Gabrielfs13 [6h Qc]
cozmike: folds 
Bozo Bozal: raises 770 to 1470
JustPro10: folds 
sto99 db: folds 
knerrad29: folds 
Athens22880: folds 
Gabrielfs13: calls 770
*** FLOP *** [2h 5d Kc]
Gabrielfs13: checks 
Bozo Bozal: bets 1340
Gabrielfs13: folds 
Uncalled bet (1340) returned to Bozo Bozal
Bozo Bozal collected 4060 from pot
Bozo Bozal: doesn't show hand 
*** SUMMARY ***
Total pot 4060 | Rake 0 
Board [2h 5d Kc]
Seat 1: Gabrielfs13 (big blind) folded on the Flop
Seat 2: cozmike folded before Flop (didn't bet)
Seat 3: Bozo Bozal collected (4060)
Seat 4: JustPro10 folded before Flop (didn't bet)
Seat 5: sto99 db folded before Flop (didn't bet)
Seat 7: knerrad29 (button) folded before Flop (didn't bet)
Seat 8: Athens22880 (small blind) folded before Flop



PokerStars Hand #257061469340: Tournament #3912024153, $4.80+$5.00+$1.20 USD Hold'em No Limit - Level XII (350/700) - 2025/07/23 16:38:32 BRT [2025/07/23 15:38:32 ET]
Table '3912024153 12' 8-max Seat #8 is the button
Seat 1: Gabrielfs13 (12910 in chips, $7.50 bounty) 
Seat 2: cozmike (33189 in chips, $18.75 bounty) 
Seat 3: Bozo Bozal (21655 in chips, $7.50 bounty) 
Seat 4: JustPro10 (19494 in chips, $7.50 bounty) 
Seat 5: sto99 db (9941 in chips, $10 bounty) 
Seat 7: knerrad29 (27194 in chips, $13.75 bounty) 
Seat 8: Athens22880 (25060 in chips, $18.12 bounty) 
Gabrielfs13: posts the ante 110
cozmike: posts the ante 110
Bozo Bozal: posts the ante 110
JustPro10: posts the ante 110
sto99 db: posts the ante 110
knerrad29: posts the ante 110
Athens22880: posts the ante 110
Gabrielfs13: posts small blind 350
cozmike: posts big blind 700
*** HOLE CARDS ***
Dealt to Gabrielfs13 [6s 4h]
Bozo Bozal: raises 770 to 1470
JustPro10: folds 
sto99 db: folds 
knerrad29: folds 
Athens22880: folds 
Gabrielfs13: folds 
cozmike: folds 
Uncalled bet (770) returned to Bozo Bozal
Bozo Bozal collected 2520 from pot
Bozo Bozal: doesn't show hand 
*** SUMMARY ***
Total pot 2520 | Rake 0 
Seat 1: Gabrielfs13 (small blind) folded before Flop
Seat 2: cozmike (big blind) folded before Flop
Seat 3: Bozo Bozal collected (2520)
Seat 4: JustPro10 folded before Flop (didn't bet)
Seat 5: sto99 db folded before Flop (didn't bet)
Seat 7: knerrad29 folded before Flop (didn't bet)
Seat 8: Athens22880 (button) folded before Flop (didn't bet)



PokerStars Hand #257061475785: Tournament #3912024153, $4.80+$5.00+$1.20 USD Hold'em No Limit - Level XII (350/700) - 2025/07/23 16:38:59 BRT [2025/07/23 15:38:59 ET]
Table '3912024153 12' 8-max Seat #1 is the button
Seat 1: Gabrielfs13 (12450 in chips, $7.50 bounty) 
Seat 2: cozmike (32379 in chips, $18.75 bounty) 
Seat 3: Bozo Bozal (23365 in chips, $7.50 bounty) 
Seat 4: JustPro10 (19384 in chips, $7.50 bounty) 
Seat 5: sto99 db (9831 in chips, $10 bounty) 
Seat 7: knerrad29 (27084 in chips, $13.75 bounty) 
Seat 8: Athens22880 (24950 in chips, $18.12 bounty) 
Gabrielfs13: posts the ante 110
cozmike: posts the ante 110
Bozo Bozal: posts the ante 110
JustPro10: posts the ante 110
sto99 db: posts the ante 110
knerrad29: posts the ante 110
Athens22880: posts the ante 110
cozmike: posts small blind 350
Bozo Bozal: posts big blind 700
*** HOLE CARDS ***
Dealt to Gabrielfs13 [Qs 9c]
JustPro10: folds 
sto99 db: folds 
knerrad29: folds 
Athens22880: folds 
Gabrielfs13: raises 700 to 1400
cozmike: raises 700 to 2100
Bozo Bozal: folds 
Gabrielfs13: calls 700
*** FLOP *** [9d 7h 9h]
cozmike: bets 30169 and is all-in
Gabrielfs13: calls 10240 and is all-in
Uncalled bet (19929) returned to cozmike
*** TURN *** [9d 7h 9h] [Kc]
*** RIVER *** [9d 7h 9h Kc] [Qh]
*** SHOW DOWN ***
cozmike: shows [Jd Ad] (a pair of Nines)
Gabrielfs13: shows [Qs 9c] (a full house, Nines full of Queens)
Gabrielfs13 collected 26150 from pot
*** SUMMARY ***
Total pot 26150 | Rake 0 
Board [9d 7h 9h Kc Qh]
Seat 1: Gabrielfs13 (button) showed [Qs 9c] and won (26150) with a full house, Nines full of Queens
Seat 2: cozmike (small blind) showed [Jd Ad] and lost with a pair of Nines
Seat 3: Bozo Bozal (big blind) folded before Flop
Seat 4: JustPro10 folded before Flop (didn't bet)
Seat 5: sto99 db folded before Flop (didn't bet)
Seat 7: knerrad29 folded before Flop (didn't bet)
Seat 8: Athens22880 folded before Flop (didn't bet)



PokerStars Hand #257061486854: Tournament #3912024153, $4.80+$5.00+$1.20 USD Hold'em No Limit - Level XII (350/700) - 2025/07/23 16:39:46 BRT [2025/07/23 15:39:46 ET]
Table '3912024153 12' 8-max Seat #2 is the button
Seat 1: Gabrielfs13 (26150 in chips, $7.50 bounty) 
Seat 2: cozmike (19929 in chips, $18.75 bounty) 
Seat 3: Bozo Bozal (22555 in chips, $7.50 bounty) 
Seat 4: JustPro10 (19274 in chips, $7.50 bounty) 
Seat 5: sto99 db (9721 in chips, $10 bounty) 
Seat 7: knerrad29 (26974 in chips, $13.75 bounty) 
Seat 8: Athens22880 (24840 in chips, $18.12 bounty) 
Gabrielfs13: posts the ante 110
cozmike: posts the ante 110
Bozo Bozal: posts the ante 110
JustPro10: posts the ante 110
sto99 db: posts the ante 110
knerrad29: posts the ante 110
Athens22880: posts the ante 110
Bozo Bozal: posts small blind 350
JustPro10: posts big blind 700
*** HOLE CARDS ***
Dealt to Gabrielfs13 [Th 7s]
sto99 db: calls 700
knerrad29: folds 
Athens22880: calls 700
Gabrielfs13: folds 
cozmike: calls 700
Bozo Bozal: raises 21745 to 22445 and is all-in
JustPro10: folds 
sto99 db: calls 8911 and is all-in
Athens22880: folds 
cozmike: folds 
Uncalled bet (12834) returned to Bozo Bozal
*** FLOP *** [5s 7d Kh]
*** TURN *** [5s 7d Kh] [Ac]
*** RIVER *** [5s 7d Kh Ac] [8d]
*** SHOW DOWN ***
Bozo Bozal: shows [Ad 9h] (a pair of Aces)
sto99 db: shows [Jc Kc] (a pair of Kings)
Bozo Bozal collected 22092 from pot
Bozo Bozal wins $5 for eliminating sto99 db and their own bounty increases by $5 to $12.50
sto99 db finished the tournament in 28th place
*** SUMMARY ***
Total pot 22092 | Rake 0 
Board [5s 7d Kh Ac 8d]
Seat 1: Gabrielfs13 folded before Flop (didn't bet)
Seat 2: cozmike (button) folded before Flop
Seat 3: Bozo Bozal (small blind) showed [Ad 9h] and won (22092) with a pair of Aces
Seat 4: JustPro10 (big blind) folded before Flop
Seat 5: sto99 db showed [Jc Kc] and lost with a pair of Kings
Seat 7: knerrad29 folded before Flop (didn't bet)
Seat 8: Athens22880 folded before Flop



PokerStars Hand #257061495999: Tournament #3912024153, $4.80+$5.00+$1.20 USD Hold'em No Limit - Level XIII (400/800) - 2025/07/23 16:40:25 BRT [2025/07/23 15:40:25 ET]
Table '3912024153 12' 8-max Seat #3 is the button
Seat 1: Gabrielfs13 (26040 in chips, $7.50 bounty) 
Seat 2: cozmike (19119 in chips, $18.75 bounty) 
Seat 3: Bozo Bozal (34926 in chips, $12.50 bounty) 
Seat 4: JustPro10 (18464 in chips, $7.50 bounty) 
Seat 7: knerrad29 (26864 in chips, $13.75 bounty) 
Seat 8: Athens22880 (24030 in chips, $18.12 bounty) 
Gabrielfs13: posts the ante 120
cozmike: posts the ante 120
Bozo Bozal: posts the ante 120
JustPro10: posts the ante 120
knerrad29: posts the ante 120
Athens22880: posts the ante 120
JustPro10: posts small blind 400
knerrad29: posts big blind 800
*** HOLE CARDS ***
Dealt to Gabrielfs13 [6d Qd]
Athens22880: folds 
Gabrielfs13: folds 
cozmike: raises 800 to 1600
Bozo Bozal: folds 
JustPro10: folds 
knerrad29: folds 
Uncalled bet (800) returned to cozmike
cozmike collected 2720 from pot
*** SUMMARY ***
Total pot 2720 | Rake 0 
Seat 1: Gabrielfs13 folded before Flop (didn't bet)
Seat 2: cozmike collected (2720)
Seat 3: Bozo Bozal (button) folded before Flop (didn't bet)
Seat 4: JustPro10 (small blind) folded before Flop
Seat 7: knerrad29 (big blind) folded before Flop
Seat 8: Athens22880 folded before Flop (didn't bet)



PokerStars Hand #257061502256: Tournament #3912024153, $4.80+$5.00+$1.20 USD Hold'em No Limit - Level XIII (400/800) - 2025/07/23 16:40:52 BRT [2025/07/23 15:40:52 ET]
Table '3912024153 12' 8-max Seat #4 is the button
Seat 1: Gabrielfs13 (25920 in chips, $7.50 bounty) 
Seat 2: cozmike (20919 in chips, $18.75 bounty) 
Seat 3: Bozo Bozal (34806 in chips, $12.50 bounty) 
Seat 4: JustPro10 (17944 in chips, $7.50 bounty) 
Seat 7: knerrad29 (25944 in chips, $13.75 bounty) 
Seat 8: Athens22880 (23910 in chips, $18.12 bounty) 
Gabrielfs13: posts the ante 120
cozmike: posts the ante 120
Bozo Bozal: posts the ante 120
JustPro10: posts the ante 120
knerrad29: posts the ante 120
Athens22880: posts the ante 120
knerrad29: posts small blind 400
Athens22880: posts big blind 800
*** HOLE CARDS ***
Dealt to Gabrielfs13 [Qs 8d]
Gabrielfs13: folds 
cozmike: folds 
Bozo Bozal: raises 880 to 1680
JustPro10: folds 
knerrad29: folds 
Athens22880: folds 
Uncalled bet (880) returned to Bozo Bozal
Bozo Bozal collected 2720 from pot
Bozo Bozal: doesn't show hand 
*** SUMMARY ***
Total pot 2720 | Rake 0 
Seat 1: Gabrielfs13 folded before Flop (didn't bet)
Seat 2: cozmike folded before Flop (didn't bet)
Seat 3: Bozo Bozal collected (2720)
Seat 4: JustPro10 (button) folded before Flop (didn't bet)
Seat 7: knerrad29 (small blind) folded before Flop
Seat 8: Athens22880 (big blind) folded before Flop



PokerStars Hand #257061508525: Tournament #3912024153, $4.80+$5.00+$1.20 USD Hold'em No Limit - Level XIII (400/800) - 2025/07/23 16:41:19 BRT [2025/07/23 15:41:19 ET]
Table '3912024153 12' 8-max Seat #7 is the button
Seat 1: Gabrielfs13 (25800 in chips, $7.50 bounty) 
Seat 2: cozmike (20799 in chips, $18.75 bounty) 
Seat 3: Bozo Bozal (36606 in chips, $12.50 bounty) 
Seat 4: JustPro10 (17824 in chips, $7.50 bounty) 
Seat 7: knerrad29 (25424 in chips, $13.75 bounty) 
Seat 8: Athens22880 (22990 in chips, $18.12 bounty) 
Gabrielfs13: posts the ante 120
cozmike: posts the ante 120
Bozo Bozal: posts the ante 120
JustPro10: posts the ante 120
knerrad29: posts the ante 120
Athens22880: posts the ante 120
Athens22880: posts small blind 400
Gabrielfs13: posts big blind 800
*** HOLE CARDS ***
Dealt to Gabrielfs13 [3h 7s]
cozmike: folds 
Bozo Bozal: folds 
JustPro10: folds 
knerrad29: folds 
Athens22880: folds 
Uncalled bet (400) returned to Gabrielfs13
Gabrielfs13 collected 1520 from pot
Gabrielfs13: doesn't show hand 
*** SUMMARY ***
Total pot 1520 | Rake 0 
Seat 1: Gabrielfs13 (big blind) collected (1520)
Seat 2: cozmike folded before Flop (didn't bet)
Seat 3: Bozo Bozal folded before Flop (didn't bet)
Seat 4: JustPro10 folded before Flop (didn't bet)
Seat 7: knerrad29 (button) folded before Flop (didn't bet)
Seat 8: Athens22880 (small blind) folded before Flop



PokerStars Hand #257061514835: Tournament #3912024153, $4.80+$5.00+$1.20 USD Hold'em No Limit - Level XIII (400/800) - 2025/07/23 16:41:46 BRT [2025/07/23 15:41:46 ET]
Table '3912024153 12' 8-max Seat #8 is the button
Seat 1: Gabrielfs13 (26800 in chips, $7.50 bounty) 
Seat 2: cozmike (20679 in chips, $18.75 bounty) 
Seat 3: Bozo Bozal (36486 in chips, $12.50 bounty) 
Seat 4: JustPro10 (17704 in chips, $7.50 bounty) 
Seat 7: knerrad29 (25304 in chips, $13.75 bounty) 
Seat 8: Athens22880 (22470 in chips, $18.12 bounty) 
Gabrielfs13: posts the ante 120
cozmike: posts the ante 120
Bozo Bozal: posts the ante 120
JustPro10: posts the ante 120
knerrad29: posts the ante 120
Athens22880: posts the ante 120
Gabrielfs13: posts small blind 400
cozmike: posts big blind 800
*** HOLE CARDS ***
Dealt to Gabrielfs13 [6h 9c]
Bozo Bozal: raises 880 to 1680
JustPro10: folds 
knerrad29: folds 
Athens22880: folds 
Gabrielfs13: folds 
cozmike: calls 880
*** FLOP *** [Js 8c 2d]
cozmike: checks 
Bozo Bozal: checks 
*** TURN *** [Js 8c 2d] [9h]
cozmike: bets 2240
Bozo Bozal: calls 2240
*** RIVER *** [Js 8c 2d 9h] [2s]
cozmike: bets 8960
Bozo Bozal: calls 8960
*** SHOW DOWN ***
cozmike: shows [Qc Ts] (a straight, Eight to Queen)
Bozo Bozal: mucks hand 
cozmike collected 26880 from pot
*** SUMMARY ***
Total pot 26880 | Rake 0 
Board [Js 8c 2d 9h 2s]
Seat 1: Gabrielfs13 (small blind) folded before Flop
Seat 2: cozmike (big blind) showed [Qc Ts] and won (26880) with a straight, Eight to Queen
Seat 3: Bozo Bozal mucked [Kd Jd]
Seat 4: JustPro10 folded before Flop (didn't bet)
Seat 7: knerrad29 folded before Flop (didn't bet)
Seat 8: Athens22880 (button) folded before Flop (didn't bet)



PokerStars Hand #257061531550: Tournament #3912024153, $4.80+$5.00+$1.20 USD Hold'em No Limit - Level XIII (400/800) - 2025/07/23 16:42:56 BRT [2025/07/23 15:42:56 ET]
Table '3912024153 12' 8-max Seat #1 is the button
Seat 1: Gabrielfs13 (26280 in chips, $7.50 bounty) 
Seat 2: cozmike (34559 in chips, $18.75 bounty) 
Seat 3: Bozo Bozal (23486 in chips, $12.50 bounty) 
Seat 4: JustPro10 (17584 in chips, $7.50 bounty) 
Seat 7: knerrad29 (25184 in chips, $13.75 bounty) 
Seat 8: Athens22880 (22350 in chips, $18.12 bounty) 
Gabrielfs13: posts the ante 120
cozmike: posts the ante 120
Bozo Bozal: posts the ante 120
JustPro10: posts the ante 120
knerrad29: posts the ante 120
Athens22880: posts the ante 120
cozmike: posts small blind 400
Bozo Bozal: posts big blind 800
*** HOLE CARDS ***
Dealt to Gabrielfs13 [4d 4c]
JustPro10: folds 
knerrad29: folds 
Athens22880: raises 800 to 1600
Gabrielfs13: calls 1600
cozmike: folds 
Bozo Bozal: calls 800
*** FLOP *** [6s 5h Js]
Bozo Bozal: checks 
Athens22880: bets 2960
Gabrielfs13: folds 
Bozo Bozal: calls 2960
*** TURN *** [6s 5h Js] [4s]
Bozo Bozal: checks 
Athens22880: checks 
*** RIVER *** [6s 5h Js 4s] [Ad]
Bozo Bozal: checks 
Athens22880: bets 5920
Bozo Bozal: folds 
Uncalled bet (5920) returned to Athens22880
Athens22880 collected 11840 from pot
Athens22880: doesn't show hand 
*** SUMMARY ***
Total pot 11840 | Rake 0 
Board [6s 5h Js 4s Ad]
Seat 1: Gabrielfs13 (button) folded on the Flop
Seat 2: cozmike (small blind) folded before Flop
Seat 3: Bozo Bozal (big blind) folded on the River
Seat 4: JustPro10 folded before Flop (didn't bet)
Seat 7: knerrad29 folded before Flop (didn't bet)
Seat 8: Athens22880 collected (11840)



PokerStars Hand #257061553406: Tournament #3912024153, $4.80+$5.00+$1.20 USD Hold'em No Limit - Level XIII (400/800) - 2025/07/23 16:44:28 BRT [2025/07/23 15:44:28 ET]
Table '3912024153 12' 8-max Seat #2 is the button
Seat 1: Gabrielfs13 (24560 in chips, $7.50 bounty) 
Seat 2: cozmike (34039 in chips, $18.75 bounty) 
Seat 3: Bozo Bozal (18806 in chips, $12.50 bounty) 
Seat 4: JustPro10 (17464 in chips, $7.50 bounty) 
Seat 7: knerrad29 (25064 in chips, $13.75 bounty) 
Seat 8: Athens22880 (29510 in chips, $18.12 bounty) 
Gabrielfs13: posts the ante 120
cozmike: posts the ante 120
Bozo Bozal: posts the ante 120
JustPro10: posts the ante 120
knerrad29: posts the ante 120
Athens22880: posts the ante 120
Bozo Bozal: posts small blind 400
JustPro10: posts big blind 800
*** HOLE CARDS ***
Dealt to Gabrielfs13 [4h 9h]
knerrad29: folds 
Athens22880: folds 
Gabrielfs13: raises 800 to 1600
cozmike: folds 
Bozo Bozal: folds 
JustPro10: calls 800
*** FLOP *** [Kc 7h 7d]
JustPro10: checks 
Gabrielfs13: bets 1200
JustPro10: folds 
Uncalled bet (1200) returned to Gabrielfs13
Gabrielfs13 collected 4320 from pot
Gabrielfs13: doesn't show hand 
*** SUMMARY ***
Total pot 4320 | Rake 0 
Board [Kc 7h 7d]
Seat 1: Gabrielfs13 collected (4320)
Seat 2: cozmike (button) folded before Flop (didn't bet)
Seat 3: Bozo Bozal (small blind) folded before Flop
Seat 4: JustPro10 (big blind) folded on the Flop
Seat 7: knerrad29 folded before Flop (didn't bet)
Seat 8: Athens22880 folded before Flop (didn't bet)



PokerStars Hand #257061563083: Tournament #3912024153, $4.80+$5.00+$1.20 USD Hold'em No Limit - Level XIV (500/1000) - 2025/07/23 16:45:08 BRT [2025/07/23 15:45:08 ET]
Table '3912024153 12' 8-max Seat #3 is the button
Seat 1: Gabrielfs13 (27160 in chips, $7.50 bounty) 
Seat 2: cozmike (33919 in chips, $18.75 bounty) 
Seat 3: Bozo Bozal (18286 in chips, $12.50 bounty) 
Seat 4: JustPro10 (15744 in chips, $7.50 bounty) 
Seat 7: knerrad29 (24944 in chips, $13.75 bounty) 
Seat 8: Athens22880 (29390 in chips, $18.12 bounty) 
Gabrielfs13: posts the ante 150
cozmike: posts the ante 150
Bozo Bozal: posts the ante 150
JustPro10: posts the ante 150
knerrad29: posts the ante 150
Athens22880: posts the ante 150
JustPro10: posts small blind 500
knerrad29: posts big blind 1000
*** HOLE CARDS ***
Dealt to Gabrielfs13 [3h 4c]
Athens22880: folds 
Gabrielfs13: folds 
cozmike: raises 1000 to 2000
Bozo Bozal: folds 
JustPro10: folds 
knerrad29: folds 
Uncalled bet (1000) returned to cozmike
cozmike collected 3400 from pot
*** SUMMARY ***
Total pot 3400 | Rake 0 
Seat 1: Gabrielfs13 folded before Flop (didn't bet)
Seat 2: cozmike collected (3400)
Seat 3: Bozo Bozal (button) folded before Flop (didn't bet)
Seat 4: JustPro10 (small blind) folded before Flop
Seat 7: knerrad29 (big blind) folded before Flop
Seat 8: Athens22880 folded before Flop (didn't bet)



PokerStars Hand #257061569552: Tournament #3912024153, $4.80+$5.00+$1.20 USD Hold'em No Limit - Level XIV (500/1000) - 2025/07/23 16:45:35 BRT [2025/07/23 15:45:35 ET]
Table '3912024153 12' 8-max Seat #4 is the button
Seat 1: Gabrielfs13 (27010 in chips, $7.50 bounty) 
Seat 2: cozmike (36169 in chips, $18.75 bounty) 
Seat 3: Bozo Bozal (18136 in chips, $12.50 bounty) 
Seat 4: JustPro10 (15094 in chips, $7.50 bounty) 
Seat 7: knerrad29 (23794 in chips, $13.75 bounty) 
Seat 8: Athens22880 (29240 in chips, $18.12 bounty) 
Gabrielfs13: posts the ante 150
cozmike: posts the ante 150
Bozo Bozal: posts the ante 150
JustPro10: posts the ante 150
knerrad29: posts the ante 150
Athens22880: posts the ante 150
knerrad29: posts small blind 500
Athens22880: posts big blind 1000
*** HOLE CARDS ***
Dealt to Gabrielfs13 [6c 2d]
Gabrielfs13: folds 
cozmike: folds 
Bozo Bozal: folds 
JustPro10: raises 1030 to 2030
knerrad29: folds 
Athens22880: folds 
Uncalled bet (1030) returned to JustPro10
JustPro10 collected 3400 from pot
JustPro10: doesn't show hand 
*** SUMMARY ***
Total pot 3400 | Rake 0 
Seat 1: Gabrielfs13 folded before Flop (didn't bet)
Seat 2: cozmike folded before Flop (didn't bet)
Seat 3: Bozo Bozal folded before Flop (didn't bet)
Seat 4: JustPro10 (button) collected (3400)
Seat 7: knerrad29 (small blind) folded before Flop
Seat 8: Athens22880 (big blind) folded before Flop



PokerStars Hand #257061574217: Tournament #3912024153, $4.80+$5.00+$1.20 USD Hold'em No Limit - Level XIV (500/1000) - 2025/07/23 16:45:54 BRT [2025/07/23 15:45:54 ET]
Table '3912024153 12' 8-max Seat #7 is the button
Seat 1: Gabrielfs13 (26860 in chips, $7.50 bounty) 
Seat 2: cozmike (36019 in chips, $18.75 bounty) 
Seat 3: Bozo Bozal (17986 in chips, $12.50 bounty) 
Seat 4: JustPro10 (17344 in chips, $7.50 bounty) 
Seat 7: knerrad29 (23144 in chips, $13.75 bounty) 
Seat 8: Athens22880 (28090 in chips, $18.12 bounty) 
Gabrielfs13: posts the ante 150
cozmike: posts the ante 150
Bozo Bozal: posts the ante 150
JustPro10: posts the ante 150
knerrad29: posts the ante 150
Athens22880: posts the ante 150
Athens22880: posts small blind 500
Gabrielfs13: posts big blind 1000
*** HOLE CARDS ***
Dealt to Gabrielfs13 [As 3d]
cozmike: folds 
Bozo Bozal: folds 
JustPro10: folds 
knerrad29: folds 
Athens22880: folds 
Uncalled bet (500) returned to Gabrielfs13
Gabrielfs13 collected 1900 from pot
Gabrielfs13: doesn't show hand 
*** SUMMARY ***
Total pot 1900 | Rake 0 
Seat 1: Gabrielfs13 (big blind) collected (1900)
Seat 2: cozmike folded before Flop (didn't bet)
Seat 3: Bozo Bozal folded before Flop (didn't bet)
Seat 4: JustPro10 folded before Flop (didn't bet)
Seat 7: knerrad29 (button) folded before Flop (didn't bet)
Seat 8: Athens22880 (small blind) folded before Flop



PokerStars Hand #257061576981: Tournament #3912024153, $4.80+$5.00+$1.20 USD Hold'em No Limit - Level XIV (500/1000) - 2025/07/23 16:46:06 BRT [2025/07/23 15:46:06 ET]
Table '3912024153 12' 8-max Seat #8 is the button
Seat 1: Gabrielfs13 (28110 in chips, $7.50 bounty) 
Seat 2: cozmike (35869 in chips, $18.75 bounty) 
Seat 3: Bozo Bozal (17836 in chips, $12.50 bounty) 
Seat 4: JustPro10 (17194 in chips, $7.50 bounty) 
Seat 7: knerrad29 (22994 in chips, $13.75 bounty) 
Seat 8: Athens22880 (27440 in chips, $18.12 bounty) 
Gabrielfs13: posts the ante 150
cozmike: posts the ante 150
Bozo Bozal: posts the ante 150
JustPro10: posts the ante 150
knerrad29: posts the ante 150
Athens22880: posts the ante 150
Gabrielfs13: posts small blind 500
cozmike: posts big blind 1000
*** HOLE CARDS ***
Dealt to Gabrielfs13 [7s 7c]
Bozo Bozal: folds 
JustPro10: folds 
ApmapTadap is disconnected 
eelefredrick is disconnected 
knerrad29: raises 1200 to 2200
Athens22880: calls 2200
Gabrielfs13: raises 25760 to 27960 and is all-in
cozmike: folds 
knerrad29: calls 20644 and is all-in
Athens22880: calls 25090 and is all-in
Uncalled bet (670) returned to Gabrielfs13
*** FLOP *** [9c 3c Ad]
*** TURN *** [9c 3c Ad] [2d]
*** RIVER *** [9c 3c Ad 2d] [8c]
*** SHOW DOWN ***
Gabrielfs13: shows [7s 7c] (a pair of Sevens)
Athens22880: shows [Ah Th] (a pair of Aces)
Athens22880 collected 8892 from side pot
knerrad29: shows [Kh Ks] (a pair of Kings)
Athens22880 collected 70432 from main pot
Athens22880 wins $6.88 for eliminating knerrad29 and their own bounty increases by $6.87 to $24.99
knerrad29 finished the tournament in 24th place
*** SUMMARY ***
Total pot 79324 Main pot 70432. Side pot 8892. | Rake 0 
Board [9c 3c Ad 2d 8c]
Seat 1: Gabrielfs13 (small blind) showed [7s 7c] and lost with a pair of Sevens
Seat 2: cozmike (big blind) folded before Flop
Seat 3: Bozo Bozal folded before Flop (didn't bet)
Seat 4: JustPro10 folded before Flop (didn't bet)
Seat 7: knerrad29 showed [Kh Ks] and lost with a pair of Kings
Seat 8: Athens22880 (button) showed [Ah Th] and won (79324) with a pair of Aces



