PokerStars Hand #256958063818: Tournament #3908027353, $4.80+$5.00+$1.20 USD Hold'em No Limit - Level IV (30/60) - 2025/07/15 14:33:18 BRT [2025/07/15 13:33:18 ET]
Table '3908027353 2' 8-max Seat #3 is the button
Seat 1: Evandro A® (4766 in chips, $5 bounty) 
Seat 2: Gabrielfs13 (5000 in chips, $5 bounty) 
Seat 3: eaaeman (8465 in chips, $5 bounty) 
Seat 4: T0bzen (294 in chips, $5 bounty) 
Seat 6: rodrigomiib (15257 in chips, $10 bounty) 
Seat 7: Iambigtuna (3414 in chips, $5 bounty) 
Seat 8: kurokira (5091 in chips, $5 bounty) 
Evandro A®: posts the ante 8
Gabrielfs13: posts the ante 8
eaaeman: posts the ante 8
T0bzen: posts the ante 8
rodrigomiib: posts the ante 8
Iambigtuna: posts the ante 8
kurokira: posts the ante 8
T0bzen: posts small blind 30
rodrigomiib: posts big blind 60
*** HOLE CARDS ***
Dealt to Gabrielfs13 [Th 6s]
Iambigtuna: folds 
kurokira: raises 60 to 120
Evandro A®: folds 
Gabrielfs13: folds 
eaaeman: folds 
T0bzen: folds 
rodrigomiib: folds 
Uncalled bet (60) returned to kurokira
kurokira collected 206 from pot
kurokira: doesn't show hand 
*** SUMMARY ***
Total pot 206 | Rake 0 
Seat 1: Evandro A® folded before Flop (didn't bet)
Seat 2: Gabrielfs13 folded before Flop (didn't bet)
Seat 3: eaaeman (button) folded before Flop (didn't bet)
Seat 4: T0bzen (small blind) folded before Flop
Seat 6: rodrigomiib (big blind) folded before Flop
Seat 7: Iambigtuna folded before Flop (didn't bet)
Seat 8: kurokira collected (206)



PokerStars Hand #256958069023: Tournament #3908027353, $4.80+$5.00+$1.20 USD Hold'em No Limit - Level IV (30/60) - 2025/07/15 14:33:43 BRT [2025/07/15 13:33:43 ET]
Table '3908027353 2' 8-max Seat #4 is the button
Seat 1: Evandro A® (4758 in chips, $5 bounty) 
Seat 2: Gabrielfs13 (4992 in chips, $5 bounty) 
Seat 3: eaaeman (8457 in chips, $5 bounty) 
Seat 4: T0bzen (256 in chips, $5 bounty) 
Seat 6: rodrigomiib (15189 in chips, $10 bounty) 
Seat 7: Iambigtuna (3406 in chips, $5 bounty) 
Seat 8: kurokira (5229 in chips, $5 bounty) 
Evandro A®: posts the ante 8
Gabrielfs13: posts the ante 8
eaaeman: posts the ante 8
T0bzen: posts the ante 8
rodrigomiib: posts the ante 8
Iambigtuna: posts the ante 8
kurokira: posts the ante 8
rodrigomiib: posts small blind 30
Iambigtuna: posts big blind 60
*** HOLE CARDS ***
Dealt to Gabrielfs13 [2c Qc]
kurokira: folds 
Evandro A®: folds 
Gabrielfs13: folds 
eaaeman: folds 
T0bzen: raises 188 to 248 and is all-in
B0Om-shakalaka is disconnected 
rodrigomiib: raises 14933 to 15181 and is all-in
Iambigtuna: folds 
Uncalled bet (14933) returned to rodrigomiib
*** FLOP *** [6h Kd 9c]
*** TURN *** [6h Kd 9c] [8h]
*** RIVER *** [6h Kd 9c 8h] [2d]
*** SHOW DOWN ***
rodrigomiib: shows [Kh As] (a pair of Kings)
T0bzen: shows [5c Jc] (high card King)
rodrigomiib collected 612 from pot
rodrigomiib wins $2.50 for eliminating T0bzen and their own bounty increases by $2.50 to $12.50
T0bzen finished the tournament
*** SUMMARY ***
Total pot 612 | Rake 0 
Board [6h Kd 9c 8h 2d]
Seat 1: Evandro A® folded before Flop (didn't bet)
Seat 2: Gabrielfs13 folded before Flop (didn't bet)
Seat 3: eaaeman folded before Flop (didn't bet)
Seat 4: T0bzen (button) showed [5c Jc] and lost with high card King
Seat 6: rodrigomiib (small blind) showed [Kh As] and won (612) with a pair of Kings
Seat 7: Iambigtuna (big blind) folded before Flop
Seat 8: kurokira folded before Flop (didn't bet)



PokerStars Hand #256958078892: Tournament #3908027353, $4.80+$5.00+$1.20 USD Hold'em No Limit - Level IV (30/60) - 2025/07/15 14:34:31 BRT [2025/07/15 13:34:31 ET]
Table '3908027353 2' 8-max Seat #6 is the button
Seat 1: Evandro A® (4750 in chips, $5 bounty) 
Seat 2: Gabrielfs13 (4984 in chips, $5 bounty) 
Seat 3: eaaeman (8449 in chips, $5 bounty) 
Seat 5: B0Om-shakalaka (5000 in chips, $5 bounty) 
Seat 6: rodrigomiib (15545 in chips, $12.50 bounty) 
Seat 7: Iambigtuna (3338 in chips, $5 bounty) 
Evandro A®: posts the ante 8
Gabrielfs13: posts the ante 8
eaaeman: posts the ante 8
B0Om-shakalaka: posts the ante 8
rodrigomiib: posts the ante 8
Iambigtuna: posts the ante 8
Iambigtuna: posts small blind 30
Evandro A®: posts big blind 60
*** HOLE CARDS ***
Dealt to Gabrielfs13 [5d 6s]
Nawe is disconnected 
Gabrielfs13: folds 
eaaeman: folds 
B0Om-shakalaka: raises 84 to 144
rodrigomiib: folds 
Iambigtuna: folds 
Evandro A®: calls 84
*** FLOP *** [Tc Jh Ts]
Evandro A®: checks 
vidal06 is disconnected 
B0Om-shakalaka: bets 120
Evandro A®: folds 
Uncalled bet (120) returned to B0Om-shakalaka
B0Om-shakalaka collected 366 from pot
B0Om-shakalaka: doesn't show hand 
*** SUMMARY ***
Total pot 366 | Rake 0 
Board [Tc Jh Ts]
Seat 1: Evandro A® (big blind) folded on the Flop
Seat 2: Gabrielfs13 folded before Flop (didn't bet)
Seat 3: eaaeman folded before Flop (didn't bet)
Seat 5: B0Om-shakalaka collected (366)
Seat 6: rodrigomiib (button) folded before Flop (didn't bet)
Seat 7: Iambigtuna (small blind) folded before Flop



PokerStars Hand #256958091851: Tournament #3908027353, $4.80+$5.00+$1.20 USD Hold'em No Limit - Level V (40/80) - 2025/07/15 14:35:32 BRT [2025/07/15 13:35:32 ET]
Table '3908027353 2' 8-max Seat #7 is the button
Seat 1: Evandro A® (4598 in chips, $5 bounty) 
Seat 2: Gabrielfs13 (4976 in chips, $5 bounty) 
Seat 3: eaaeman (8441 in chips, $5 bounty) 
Seat 4: Nawe (5000 in chips, $5 bounty) 
Seat 5: B0Om-shakalaka (5214 in chips, $5 bounty) 
Seat 6: rodrigomiib (15537 in chips, $12.50 bounty) 
Seat 7: Iambigtuna (3300 in chips, $5 bounty) 
Seat 8: vidal06 (5000 in chips) out of hand (moved from another table into small blind)
vidal06 will be allowed to play after the button
Evandro A®: posts the ante 10
Gabrielfs13: posts the ante 10
eaaeman: posts the ante 10
Nawe: posts the ante 10
B0Om-shakalaka: posts the ante 10
rodrigomiib: posts the ante 10
Iambigtuna: posts the ante 10
Evandro A®: posts small blind 40
Gabrielfs13: posts big blind 80
*** HOLE CARDS ***
Dealt to Gabrielfs13 [Ks 6d]
eaaeman: folds 
Nawe: folds 
B0Om-shakalaka: raises 112 to 192
rodrigomiib: folds 
Iambigtuna: calls 192
Evandro A®: folds 
Gabrielfs13: folds 
*** FLOP *** [Jd 3d 4d]
B0Om-shakalaka: bets 135
Iambigtuna: folds 
Uncalled bet (135) returned to B0Om-shakalaka
B0Om-shakalaka collected 574 from pot
B0Om-shakalaka: doesn't show hand 
*** SUMMARY ***
Total pot 574 | Rake 0 
Board [Jd 3d 4d]
Seat 1: Evandro A® (small blind) folded before Flop
Seat 2: Gabrielfs13 (big blind) folded before Flop
Seat 3: eaaeman folded before Flop (didn't bet)
Seat 4: Nawe folded before Flop (didn't bet)
Seat 5: B0Om-shakalaka collected (574)
Seat 6: rodrigomiib folded before Flop (didn't bet)
Seat 7: Iambigtuna (button) folded on the Flop



PokerStars Hand #256958098384: Tournament #3908027353, $4.80+$5.00+$1.20 USD Hold'em No Limit - Level V (40/80) - 2025/07/15 14:36:03 BRT [2025/07/15 13:36:03 ET]
Table '3908027353 2' 8-max Seat #1 is the button
Seat 1: Evandro A® (4548 in chips, $5 bounty) 
Seat 2: Gabrielfs13 (4886 in chips, $5 bounty) 
Seat 3: eaaeman (8431 in chips, $5 bounty) 
Seat 4: Nawe (4990 in chips, $5 bounty) 
Seat 5: B0Om-shakalaka (5586 in chips, $5 bounty) 
Seat 6: rodrigomiib (15527 in chips, $12.50 bounty) 
Seat 7: Iambigtuna (3098 in chips, $5 bounty) 
Seat 8: vidal06 (5000 in chips, $5 bounty) 
Evandro A®: posts the ante 10
Gabrielfs13: posts the ante 10
eaaeman: posts the ante 10
Nawe: posts the ante 10
B0Om-shakalaka: posts the ante 10
rodrigomiib: posts the ante 10
Iambigtuna: posts the ante 10
vidal06: posts the ante 10
Gabrielfs13: posts small blind 40
eaaeman: posts big blind 80
*** HOLE CARDS ***
Dealt to Gabrielfs13 [Ac 3h]
Nawe: folds 
B0Om-shakalaka: folds 
rodrigomiib: folds 
Iambigtuna: folds 
vidal06: folds 
Evandro A®: folds 
Gabrielfs13: raises 160 to 240
eaaeman: raises 480 to 720
Gabrielfs13: folds 
Uncalled bet (480) returned to eaaeman
eaaeman collected 560 from pot
eaaeman: doesn't show hand 
*** SUMMARY ***
Total pot 560 | Rake 0 
Seat 1: Evandro A® (button) folded before Flop (didn't bet)
Seat 2: Gabrielfs13 (small blind) folded before Flop
Seat 3: eaaeman (big blind) collected (560)
Seat 4: Nawe folded before Flop (didn't bet)
Seat 5: B0Om-shakalaka folded before Flop (didn't bet)
Seat 6: rodrigomiib folded before Flop (didn't bet)
Seat 7: Iambigtuna folded before Flop (didn't bet)
Seat 8: vidal06 folded before Flop (didn't bet)



PokerStars Hand #256958106032: Tournament #3908027353, $4.80+$5.00+$1.20 USD Hold'em No Limit - Level V (40/80) - 2025/07/15 14:36:40 BRT [2025/07/15 13:36:40 ET]
Table '3908027353 2' 8-max Seat #2 is the button
Seat 1: Evandro A® (4538 in chips, $5 bounty) 
Seat 2: Gabrielfs13 (4636 in chips, $5 bounty) 
Seat 3: eaaeman (8741 in chips, $5 bounty) 
Seat 4: Nawe (4980 in chips, $5 bounty) 
Seat 5: B0Om-shakalaka (5576 in chips, $5 bounty) 
Seat 6: rodrigomiib (15517 in chips, $12.50 bounty) 
Seat 7: Iambigtuna (3088 in chips, $5 bounty) 
Seat 8: vidal06 (4990 in chips, $5 bounty) 
Evandro A®: posts the ante 10
Gabrielfs13: posts the ante 10
eaaeman: posts the ante 10
Nawe: posts the ante 10
B0Om-shakalaka: posts the ante 10
rodrigomiib: posts the ante 10
Iambigtuna: posts the ante 10
vidal06: posts the ante 10
eaaeman: posts small blind 40
Nawe: posts big blind 80
*** HOLE CARDS ***
Dealt to Gabrielfs13 [7c 5h]
B0Om-shakalaka: folds 
rodrigomiib: folds 
Iambigtuna: folds 
vidal06: folds 
Evandro A®: folds 
Gabrielfs13: folds 
eaaeman: raises 200 to 280
Nawe: folds 
Uncalled bet (200) returned to eaaeman
eaaeman collected 240 from pot
eaaeman: doesn't show hand 
*** SUMMARY ***
Total pot 240 | Rake 0 
Seat 1: Evandro A® folded before Flop (didn't bet)
Seat 2: Gabrielfs13 (button) folded before Flop (didn't bet)
Seat 3: eaaeman (small blind) collected (240)
Seat 4: Nawe (big blind) folded before Flop
Seat 5: B0Om-shakalaka folded before Flop (didn't bet)
Seat 6: rodrigomiib folded before Flop (didn't bet)
Seat 7: Iambigtuna folded before Flop (didn't bet)
Seat 8: vidal06 folded before Flop (didn't bet)



PokerStars Hand #256958117892: Tournament #3908027353, $4.80+$5.00+$1.20 USD Hold'em No Limit - Level V (40/80) - 2025/07/15 14:37:36 BRT [2025/07/15 13:37:36 ET]
Table '3908027353 2' 8-max Seat #3 is the button
Seat 1: Evandro A® (4528 in chips, $5 bounty) 
Seat 2: Gabrielfs13 (4626 in chips, $5 bounty) 
Seat 3: eaaeman (8891 in chips, $5 bounty) 
Seat 4: Nawe (4890 in chips, $5 bounty) 
Seat 5: B0Om-shakalaka (5566 in chips, $5 bounty) 
Seat 6: rodrigomiib (15507 in chips, $12.50 bounty) 
Seat 7: Iambigtuna (3078 in chips, $5 bounty) 
Seat 8: vidal06 (4980 in chips, $5 bounty) 
Evandro A®: posts the ante 10
Gabrielfs13: posts the ante 10
eaaeman: posts the ante 10
Nawe: posts the ante 10
B0Om-shakalaka: posts the ante 10
rodrigomiib: posts the ante 10
Iambigtuna: posts the ante 10
vidal06: posts the ante 10
Nawe: posts small blind 40
B0Om-shakalaka: posts big blind 80
*** HOLE CARDS ***
Dealt to Gabrielfs13 [Jh 4s]
rodrigomiib: folds 
Iambigtuna: folds 
vidal06: folds 
Evandro A®: raises 80 to 160
Gabrielfs13: folds 
eaaeman: raises 320 to 480
Nawe: folds 
B0Om-shakalaka: folds 
Evandro A®: folds 
Uncalled bet (320) returned to eaaeman
eaaeman collected 520 from pot
eaaeman: doesn't show hand 
*** SUMMARY ***
Total pot 520 | Rake 0 
Seat 1: Evandro A® folded before Flop
Seat 2: Gabrielfs13 folded before Flop (didn't bet)
Seat 3: eaaeman (button) collected (520)
Seat 4: Nawe (small blind) folded before Flop
Seat 5: B0Om-shakalaka (big blind) folded before Flop
Seat 6: rodrigomiib folded before Flop (didn't bet)
Seat 7: Iambigtuna folded before Flop (didn't bet)
Seat 8: vidal06 folded before Flop (didn't bet)



PokerStars Hand #256958124893: Tournament #3908027353, $4.80+$5.00+$1.20 USD Hold'em No Limit - Level V (40/80) - 2025/07/15 14:38:09 BRT [2025/07/15 13:38:09 ET]
Table '3908027353 2' 8-max Seat #4 is the button
Seat 1: Evandro A® (4358 in chips, $5 bounty) 
Seat 2: Gabrielfs13 (4616 in chips, $5 bounty) 
Seat 3: eaaeman (9241 in chips, $5 bounty) 
Seat 4: Nawe (4840 in chips, $5 bounty) 
Seat 5: B0Om-shakalaka (5476 in chips, $5 bounty) 
Seat 6: rodrigomiib (15497 in chips, $12.50 bounty) 
Seat 7: Iambigtuna (3068 in chips, $5 bounty) 
Seat 8: vidal06 (4970 in chips, $5 bounty) 
Evandro A®: posts the ante 10
Gabrielfs13: posts the ante 10
eaaeman: posts the ante 10
Nawe: posts the ante 10
B0Om-shakalaka: posts the ante 10
rodrigomiib: posts the ante 10
Iambigtuna: posts the ante 10
vidal06: posts the ante 10
B0Om-shakalaka: posts small blind 40
rodrigomiib: posts big blind 80
*** HOLE CARDS ***
Dealt to Gabrielfs13 [Ah 7h]
Iambigtuna: calls 80
vidal06: folds 
Evandro A®: folds 
Gabrielfs13: raises 200 to 280
eaaeman: folds 
Nawe: folds 
B0Om-shakalaka: folds 
rodrigomiib: folds 
Iambigtuna: calls 200
*** FLOP *** [9s Ks Jh]
Iambigtuna: checks 
Gabrielfs13: checks 
*** TURN *** [9s Ks Jh] [Jd]
Iambigtuna: checks 
Gabrielfs13: checks 
*** RIVER *** [9s Ks Jh Jd] [9c]
Iambigtuna: checks 
Gabrielfs13: checks 
*** SHOW DOWN ***
Iambigtuna: shows [8s 8c] (two pair, Jacks and Nines)
Gabrielfs13: shows [Ah 7h] (two pair, Jacks and Nines - Ace kicker)
Gabrielfs13 collected 760 from pot
*** SUMMARY ***
Total pot 760 | Rake 0 
Board [9s Ks Jh Jd 9c]
Seat 1: Evandro A® folded before Flop (didn't bet)
Seat 2: Gabrielfs13 showed [Ah 7h] and won (760) with two pair, Jacks and Nines
Seat 3: eaaeman folded before Flop (didn't bet)
Seat 4: Nawe (button) folded before Flop (didn't bet)
Seat 5: B0Om-shakalaka (small blind) folded before Flop
Seat 6: rodrigomiib (big blind) folded before Flop
Seat 7: Iambigtuna showed [8s 8c] and lost with two pair, Jacks and Nines
Seat 8: vidal06 folded before Flop (didn't bet)



PokerStars Hand #256958138509: Tournament #3908027353, $4.80+$5.00+$1.20 USD Hold'em No Limit - Level V (40/80) - 2025/07/15 14:39:13 BRT [2025/07/15 13:39:13 ET]
Table '3908027353 2' 8-max Seat #5 is the button
Seat 1: Evandro A® (4348 in chips, $5 bounty) 
Seat 2: Gabrielfs13 (5086 in chips, $5 bounty) 
Seat 3: eaaeman (9231 in chips, $5 bounty) 
Seat 4: Nawe (4830 in chips, $5 bounty) 
Seat 5: B0Om-shakalaka (5426 in chips, $5 bounty) 
Seat 6: rodrigomiib (15407 in chips, $12.50 bounty) 
Seat 7: Iambigtuna (2778 in chips, $5 bounty) 
Seat 8: vidal06 (4960 in chips, $5 bounty) 
Evandro A®: posts the ante 10
Gabrielfs13: posts the ante 10
eaaeman: posts the ante 10
Nawe: posts the ante 10
B0Om-shakalaka: posts the ante 10
rodrigomiib: posts the ante 10
Iambigtuna: posts the ante 10
vidal06: posts the ante 10
rodrigomiib: posts small blind 40
Iambigtuna: posts big blind 80
*** HOLE CARDS ***
Dealt to Gabrielfs13 [2s Kc]
vidal06: folds 
Evandro A®: folds 
Gabrielfs13: folds 
eaaeman: folds 
Nawe: folds 
B0Om-shakalaka: raises 80 to 160
rodrigomiib: folds 
Iambigtuna: calls 80
*** FLOP *** [Th 8s Ad]
Iambigtuna: checks 
B0Om-shakalaka: bets 220
Iambigtuna: calls 220
*** TURN *** [Th 8s Ad] [7s]
Iambigtuna: checks 
B0Om-shakalaka: bets 600
Iambigtuna: raises 1788 to 2388 and is all-in
B0Om-shakalaka: calls 1788
*** RIVER *** [Th 8s Ad 7s] [9h]
*** SHOW DOWN ***
Iambigtuna: shows [6c 9d] (a straight, Six to Ten)
B0Om-shakalaka: shows [Kd Ah] (a pair of Aces)
Iambigtuna collected 5656 from pot
*** SUMMARY ***
Total pot 5656 | Rake 0 
Board [Th 8s Ad 7s 9h]
Seat 1: Evandro A® folded before Flop (didn't bet)
Seat 2: Gabrielfs13 folded before Flop (didn't bet)
Seat 3: eaaeman folded before Flop (didn't bet)
Seat 4: Nawe folded before Flop (didn't bet)
Seat 5: B0Om-shakalaka (button) showed [Kd Ah] and lost with a pair of Aces
Seat 6: rodrigomiib (small blind) folded before Flop
Seat 7: Iambigtuna (big blind) showed [6c 9d] and won (5656) with a straight, Six to Ten
Seat 8: vidal06 folded before Flop (didn't bet)



PokerStars Hand #256958154431: Tournament #3908027353, $4.80+$5.00+$1.20 USD Hold'em No Limit - Level VI (50/100) - 2025/07/15 14:40:28 BRT [2025/07/15 13:40:28 ET]
Table '3908027353 2' 8-max Seat #6 is the button
Seat 1: Evandro A® (4338 in chips, $5 bounty) 
Seat 2: Gabrielfs13 (5076 in chips, $5 bounty) 
Seat 3: eaaeman (9221 in chips, $5 bounty) 
Seat 4: Nawe (4820 in chips, $5 bounty) 
Seat 5: B0Om-shakalaka (2648 in chips, $5 bounty) 
Seat 6: rodrigomiib (15357 in chips, $12.50 bounty) 
Seat 7: Iambigtuna (5656 in chips, $5 bounty) 
Seat 8: vidal06 (4950 in chips, $5 bounty) 
Evandro A®: posts the ante 12
Gabrielfs13: posts the ante 12
eaaeman: posts the ante 12
Nawe: posts the ante 12
B0Om-shakalaka: posts the ante 12
rodrigomiib: posts the ante 12
Iambigtuna: posts the ante 12
vidal06: posts the ante 12
Iambigtuna: posts small blind 50
vidal06: posts big blind 100
*** HOLE CARDS ***
Dealt to Gabrielfs13 [6c Qd]
Evandro A®: folds 
Gabrielfs13: folds 
eaaeman: folds 
Nawe: folds 
B0Om-shakalaka: folds 
rodrigomiib: folds 
Iambigtuna: folds 
Uncalled bet (50) returned to vidal06
vidal06 collected 196 from pot
vidal06: doesn't show hand 
*** SUMMARY ***
Total pot 196 | Rake 0 
Seat 1: Evandro A® folded before Flop (didn't bet)
Seat 2: Gabrielfs13 folded before Flop (didn't bet)
Seat 3: eaaeman folded before Flop (didn't bet)
Seat 4: Nawe folded before Flop (didn't bet)
Seat 5: B0Om-shakalaka folded before Flop (didn't bet)
Seat 6: rodrigomiib (button) folded before Flop (didn't bet)
Seat 7: Iambigtuna (small blind) folded before Flop
Seat 8: vidal06 (big blind) collected (196)



PokerStars Hand #256958160169: Tournament #3908027353, $4.80+$5.00+$1.20 USD Hold'em No Limit - Level VI (50/100) - 2025/07/15 14:40:56 BRT [2025/07/15 13:40:56 ET]
Table '3908027353 2' 8-max Seat #7 is the button
Seat 1: Evandro A® (4326 in chips, $5 bounty) 
Seat 2: Gabrielfs13 (5064 in chips, $5 bounty) 
Seat 3: eaaeman (9209 in chips, $5 bounty) 
Seat 4: Nawe (4808 in chips, $5 bounty) 
Seat 5: B0Om-shakalaka (2636 in chips, $5 bounty) 
Seat 6: rodrigomiib (15345 in chips, $12.50 bounty) 
Seat 7: Iambigtuna (5594 in chips, $5 bounty) 
Seat 8: vidal06 (5084 in chips, $5 bounty) 
Evandro A®: posts the ante 12
Gabrielfs13: posts the ante 12
eaaeman: posts the ante 12
Nawe: posts the ante 12
B0Om-shakalaka: posts the ante 12
rodrigomiib: posts the ante 12
Iambigtuna: posts the ante 12
vidal06: posts the ante 12
vidal06: posts small blind 50
Evandro A®: posts big blind 100
*** HOLE CARDS ***
Dealt to Gabrielfs13 [Kh Ah]
Gabrielfs13: raises 100 to 200
eaaeman: folds 
Nawe: folds 
B0Om-shakalaka: folds 
rodrigomiib: folds 
Iambigtuna: folds 
vidal06: calls 150
Evandro A®: folds 
*** FLOP *** [7c Tc Ac]
vidal06: checks 
Gabrielfs13: bets 298
vidal06: calls 298
*** TURN *** [7c Tc Ac] [Kd]
vidal06: checks 
Gabrielfs13: bets 787
vidal06: calls 787
*** RIVER *** [7c Tc Ac Kd] [8d]
vidal06: checks 
Gabrielfs13: bets 1826
vidal06: calls 1826
*** SHOW DOWN ***
Gabrielfs13: shows [Kh Ah] (two pair, Aces and Kings)
vidal06: shows [5c 6c] (a flush, Ace high)
vidal06 collected 6418 from pot
*** SUMMARY ***
Total pot 6418 | Rake 0 
Board [7c Tc Ac Kd 8d]
Seat 1: Evandro A® (big blind) folded before Flop
Seat 2: Gabrielfs13 showed [Kh Ah] and lost with two pair, Aces and Kings
Seat 3: eaaeman folded before Flop (didn't bet)
Seat 4: Nawe folded before Flop (didn't bet)
Seat 5: B0Om-shakalaka folded before Flop (didn't bet)
Seat 6: rodrigomiib folded before Flop (didn't bet)
Seat 7: Iambigtuna (button) folded before Flop (didn't bet)
Seat 8: vidal06 (small blind) showed [5c 6c] and won (6418) with a flush, Ace high



PokerStars Hand #256958179589: Tournament #3908027353, $4.80+$5.00+$1.20 USD Hold'em No Limit - Level VI (50/100) - 2025/07/15 14:42:27 BRT [2025/07/15 13:42:27 ET]
Table '3908027353 2' 8-max Seat #8 is the button
Seat 1: Evandro A® (4214 in chips, $5 bounty) 
Seat 2: Gabrielfs13 (1941 in chips, $5 bounty) 
Seat 3: eaaeman (9197 in chips, $5 bounty) 
Seat 4: Nawe (4796 in chips, $5 bounty) 
Seat 5: B0Om-shakalaka (2624 in chips, $5 bounty) 
Seat 6: rodrigomiib (15333 in chips, $12.50 bounty) 
Seat 7: Iambigtuna (5582 in chips, $5 bounty) 
Seat 8: vidal06 (8379 in chips, $5 bounty) 
Evandro A®: posts the ante 12
Gabrielfs13: posts the ante 12
eaaeman: posts the ante 12
Nawe: posts the ante 12
B0Om-shakalaka: posts the ante 12
rodrigomiib: posts the ante 12
Iambigtuna: posts the ante 12
vidal06: posts the ante 12
Evandro A®: posts small blind 50
Gabrielfs13: posts big blind 100
*** HOLE CARDS ***
Dealt to Gabrielfs13 [Qh Kd]
eaaeman: folds 
Nawe: folds 
B0Om-shakalaka: folds 
rodrigomiib: folds 
Iambigtuna: folds 
vidal06: folds 
Evandro A®: raises 4102 to 4202 and is all-in
Gabrielfs13: calls 1829 and is all-in
Uncalled bet (2273) returned to Evandro A®
*** FLOP *** [4d Tc 9d]
*** TURN *** [4d Tc 9d] [4h]
*** RIVER *** [4d Tc 9d 4h] [6d]
*** SHOW DOWN ***
Evandro A®: shows [8h As] (a pair of Fours)
Gabrielfs13: shows [Qh Kd] (a pair of Fours - lower kicker)
Evandro A® collected 3954 from pot
Evandro A® wins $2.50 for eliminating Gabrielfs13 and their own bounty increases by $2.50 to $7.50
Gabrielfs13 finished the tournament
*** SUMMARY ***
Total pot 3954 | Rake 0 
Board [4d Tc 9d 4h 6d]
Seat 1: Evandro A® (small blind) showed [8h As] and won (3954) with a pair of Fours
Seat 2: Gabrielfs13 (big blind) showed [Qh Kd] and lost with a pair of Fours
Seat 3: eaaeman folded before Flop (didn't bet)
Seat 4: Nawe folded before Flop (didn't bet)
Seat 5: B0Om-shakalaka folded before Flop (didn't bet)
Seat 6: rodrigomiib folded before Flop (didn't bet)
Seat 7: Iambigtuna folded before Flop (didn't bet)
Seat 8: vidal06 (button) folded before Flop (didn't bet)



PokerStars Hand #256958204254: Tournament #3908027353, $4.80+$5.00+$1.20 USD Hold'em No Limit - Level VI (50/100) - 2025/07/15 14:44:24 BRT [2025/07/15 13:44:24 ET]
Table '3908027353 54' 8-max Seat #5 is the button
Seat 1: Gabrielfs13 (5000 in chips, $5 bounty) 
Seat 2: PartyByMyself (5921 in chips, $5 bounty) 
Seat 3: Mr Meykes (4532 in chips, $5 bounty) 
Seat 4: thibess (4282 in chips, $5 bounty) 
Seat 5: Zaldete111 (4789 in chips, $7.50 bounty) 
Seat 6: SD ANDRE (5358 in chips, $5 bounty) 
Seat 7: Fisharley (9418 in chips, $5 bounty) 
Seat 8: guilopespera (5210 in chips, $5 bounty) 
Gabrielfs13: posts the ante 12
PartyByMyself: posts the ante 12
Mr Meykes: posts the ante 12
thibess: posts the ante 12
Zaldete111: posts the ante 12
SD ANDRE: posts the ante 12
Fisharley: posts the ante 12
guilopespera: posts the ante 12
SD ANDRE: posts small blind 50
Fisharley: posts big blind 100
*** HOLE CARDS ***
Dealt to Gabrielfs13 [9h 7h]
guilopespera: folds 
Gabrielfs13: raises 100 to 200
PartyByMyself: folds 
Mr Meykes: calls 200
thibess: folds 
Zaldete111: folds 
SD ANDRE: folds 
Fisharley: calls 100
*** FLOP *** [9d 6s 8h]
Fisharley: checks 
Gabrielfs13: bets 373
Mr Meykes: calls 373
Fisharley: folds 
*** TURN *** [9d 6s 8h] [Kd]
Gabrielfs13: checks 
Mr Meykes: checks 
*** RIVER *** [9d 6s 8h Kd] [9s]
Gabrielfs13: bets 746
Mr Meykes: raises 1154 to 1900
Gabrielfs13: calls 1154
*** SHOW DOWN ***
Mr Meykes: shows [Js As] (a pair of Nines)
Gabrielfs13: shows [9h 7h] (three of a kind, Nines)
Gabrielfs13 collected 5292 from pot
*** SUMMARY ***
Total pot 5292 | Rake 0 
Board [9d 6s 8h Kd 9s]
Seat 1: Gabrielfs13 showed [9h 7h] and won (5292) with three of a kind, Nines
Seat 2: PartyByMyself folded before Flop (didn't bet)
Seat 3: Mr Meykes showed [Js As] and lost with a pair of Nines
Seat 4: thibess folded before Flop (didn't bet)
Seat 5: Zaldete111 (button) folded before Flop (didn't bet)
Seat 6: SD ANDRE (small blind) folded before Flop
Seat 7: Fisharley (big blind) folded on the Flop
Seat 8: guilopespera folded before Flop (didn't bet)



PokerStars Hand #256958224696: Tournament #3908027353, $4.80+$5.00+$1.20 USD Hold'em No Limit - Level VII (60/120) - 2025/07/15 14:46:00 BRT [2025/07/15 13:46:00 ET]
Table '3908027353 54' 8-max Seat #6 is the button
Seat 1: Gabrielfs13 (7807 in chips, $5 bounty) 
Seat 2: PartyByMyself (5909 in chips, $5 bounty) 
Seat 3: Mr Meykes (2047 in chips, $5 bounty) 
Seat 4: thibess (4270 in chips, $5 bounty) 
Seat 5: Zaldete111 (4777 in chips, $7.50 bounty) 
Seat 6: SD ANDRE (5296 in chips, $5 bounty) 
Seat 7: Fisharley (9206 in chips, $5 bounty) 
Seat 8: guilopespera (5198 in chips, $5 bounty) 
Gabrielfs13: posts the ante 15
PartyByMyself: posts the ante 15
Mr Meykes: posts the ante 15
thibess: posts the ante 15
Zaldete111: posts the ante 15
SD ANDRE: posts the ante 15
Fisharley: posts the ante 15
guilopespera: posts the ante 15
Fisharley: posts small blind 60
guilopespera: posts big blind 120
*** HOLE CARDS ***
Dealt to Gabrielfs13 [5d Js]
Gabrielfs13: folds 
PartyByMyself: folds 
Mr Meykes: raises 204 to 324
thibess: folds 
Zaldete111: raises 432 to 756
SD ANDRE: folds 
Fisharley: folds 
guilopespera: folds 
Mr Meykes: raises 1276 to 2032 and is all-in
Zaldete111: calls 1276
*** FLOP *** [9c 3d 2h]
*** TURN *** [9c 3d 2h] [3c]
*** RIVER *** [9c 3d 2h 3c] [Ks]
*** SHOW DOWN ***
Mr Meykes: shows [9s 9h] (a full house, Nines full of Threes)
Zaldete111: shows [Qd Kd] (two pair, Kings and Threes)
Mr Meykes collected 4364 from pot
*** SUMMARY ***
Total pot 4364 | Rake 0 
Board [9c 3d 2h 3c Ks]
Seat 1: Gabrielfs13 folded before Flop (didn't bet)
Seat 2: PartyByMyself folded before Flop (didn't bet)
Seat 3: Mr Meykes showed [9s 9h] and won (4364) with a full house, Nines full of Threes
Seat 4: thibess folded before Flop (didn't bet)
Seat 5: Zaldete111 showed [Qd Kd] and lost with two pair, Kings and Threes
Seat 6: SD ANDRE (button) folded before Flop (didn't bet)
Seat 7: Fisharley (small blind) folded before Flop
Seat 8: guilopespera (big blind) folded before Flop



PokerStars Hand #256958234383: Tournament #3908027353, $4.80+$5.00+$1.20 USD Hold'em No Limit - Level VII (60/120) - 2025/07/15 14:46:46 BRT [2025/07/15 13:46:46 ET]
Table '3908027353 54' 8-max Seat #7 is the button
Seat 1: Gabrielfs13 (7792 in chips, $5 bounty) 
Seat 2: PartyByMyself (5894 in chips, $5 bounty) 
Seat 3: Mr Meykes (4364 in chips, $5 bounty) 
Seat 4: thibess (4255 in chips, $5 bounty) 
Seat 5: Zaldete111 (2730 in chips, $7.50 bounty) 
Seat 6: SD ANDRE (5281 in chips, $5 bounty) 
Seat 7: Fisharley (9131 in chips, $5 bounty) 
Seat 8: guilopespera (5063 in chips, $5 bounty) 
Gabrielfs13: posts the ante 15
PartyByMyself: posts the ante 15
Mr Meykes: posts the ante 15
thibess: posts the ante 15
Zaldete111: posts the ante 15
SD ANDRE: posts the ante 15
Fisharley: posts the ante 15
guilopespera: posts the ante 15
guilopespera: posts small blind 60
Gabrielfs13: posts big blind 120
*** HOLE CARDS ***
Dealt to Gabrielfs13 [2c Ts]
PartyByMyself: folds 
Mr Meykes: raises 120 to 240
thibess: folds 
Zaldete111: raises 2355 to 2595
SD ANDRE: folds 
Fisharley: folds 
guilopespera: folds 
Gabrielfs13: folds 
Mr Meykes: folds 
Uncalled bet (2355) returned to Zaldete111
Zaldete111 collected 780 from pot
Zaldete111: doesn't show hand 
*** SUMMARY ***
Total pot 780 | Rake 0 
Seat 1: Gabrielfs13 (big blind) folded before Flop
Seat 2: PartyByMyself folded before Flop (didn't bet)
Seat 3: Mr Meykes folded before Flop
Seat 4: thibess folded before Flop (didn't bet)
Seat 5: Zaldete111 collected (780)
Seat 6: SD ANDRE folded before Flop (didn't bet)
Seat 7: Fisharley (button) folded before Flop (didn't bet)
Seat 8: guilopespera (small blind) folded before Flop



PokerStars Hand #256958244920: Tournament #3908027353, $4.80+$5.00+$1.20 USD Hold'em No Limit - Level VII (60/120) - 2025/07/15 14:47:36 BRT [2025/07/15 13:47:36 ET]
Table '3908027353 54' 8-max Seat #8 is the button
Seat 1: Gabrielfs13 (7657 in chips, $5 bounty) 
Seat 2: PartyByMyself (5879 in chips, $5 bounty) 
Seat 3: Mr Meykes (4109 in chips, $5 bounty) 
Seat 4: thibess (4240 in chips, $5 bounty) 
Seat 5: Zaldete111 (3255 in chips, $7.50 bounty) 
Seat 6: SD ANDRE (5266 in chips, $5 bounty) 
Seat 7: Fisharley (9116 in chips, $5 bounty) 
Seat 8: guilopespera (4988 in chips, $5 bounty) 
Gabrielfs13: posts the ante 15
PartyByMyself: posts the ante 15
Mr Meykes: posts the ante 15
thibess: posts the ante 15
Zaldete111: posts the ante 15
SD ANDRE: posts the ante 15
Fisharley: posts the ante 15
guilopespera: posts the ante 15
Gabrielfs13: posts small blind 60
PartyByMyself: posts big blind 120
*** HOLE CARDS ***
Dealt to Gabrielfs13 [Ah 9s]
Mr Meykes: folds 
thibess: folds 
Zaldete111: folds 
SD ANDRE: folds 
Fisharley: raises 120 to 240
guilopespera: folds 
Gabrielfs13: folds 
PartyByMyself: calls 120
*** FLOP *** [5s 9d 3d]
PartyByMyself: checks 
Fisharley: bets 218
PartyByMyself: raises 548 to 766
Fisharley: calls 548
*** TURN *** [5s 9d 3d] [2h]
PartyByMyself: bets 1620
Fisharley: calls 1620
*** RIVER *** [5s 9d 3d 2h] [8c]
PartyByMyself: bets 3238 and is all-in
Fisharley: calls 3238
*** SHOW DOWN ***
PartyByMyself: shows [8d Kd] (a pair of Eights)
Fisharley: shows [As Ac] (a pair of Aces)
Fisharley collected 11908 from pot
Fisharley wins $2.50 for eliminating PartyByMyself and their own bounty increases by $2.50 to $7.50
PartyByMyself finished the tournament
*** SUMMARY ***
Total pot 11908 | Rake 0 
Board [5s 9d 3d 2h 8c]
Seat 1: Gabrielfs13 (small blind) folded before Flop
Seat 2: PartyByMyself (big blind) showed [8d Kd] and lost with a pair of Eights
Seat 3: Mr Meykes folded before Flop (didn't bet)
Seat 4: thibess folded before Flop (didn't bet)
Seat 5: Zaldete111 folded before Flop (didn't bet)
Seat 6: SD ANDRE folded before Flop (didn't bet)
Seat 7: Fisharley showed [As Ac] and won (11908) with a pair of Aces
Seat 8: guilopespera (button) folded before Flop (didn't bet)



PokerStars Hand #256958258283: Tournament #3908027353, $4.80+$5.00+$1.20 USD Hold'em No Limit - Level VII (60/120) - 2025/07/15 14:48:39 BRT [2025/07/15 13:48:39 ET]
Table '3908027353 54' 8-max Seat #1 is the button
Seat 1: Gabrielfs13 (7582 in chips, $5 bounty) 
Seat 3: Mr Meykes (4094 in chips, $5 bounty) 
Seat 4: thibess (4225 in chips, $5 bounty) 
Seat 5: Zaldete111 (3240 in chips, $7.50 bounty) 
Seat 6: SD ANDRE (5251 in chips, $5 bounty) 
Seat 7: Fisharley (15145 in chips, $7.50 bounty) 
Seat 8: guilopespera (4973 in chips, $5 bounty) 
Gabrielfs13: posts the ante 15
Mr Meykes: posts the ante 15
thibess: posts the ante 15
Zaldete111: posts the ante 15
SD ANDRE: posts the ante 15
Fisharley: posts the ante 15
guilopespera: posts the ante 15
Mr Meykes: posts small blind 60
thibess: posts big blind 120
*** HOLE CARDS ***
Dealt to Gabrielfs13 [3h 3s]
Zaldete111: folds 
SD ANDRE: folds 
Fisharley: folds 
guilopespera: folds 
Gabrielfs13: raises 120 to 240
Mr Meykes: calls 180
thibess: folds 
*** FLOP *** [Qd Ts 6c]
Mr Meykes: bets 219
Gabrielfs13: calls 219
*** TURN *** [Qd Ts 6c] [Th]
Mr Meykes: bets 360
Gabrielfs13: calls 360
*** RIVER *** [Qd Ts 6c Th] [6s]
Mr Meykes: bets 820
Gabrielfs13: folds 
Uncalled bet (820) returned to Mr Meykes
Mr Meykes collected 1863 from pot
Mr Meykes: doesn't show hand 
*** SUMMARY ***
Total pot 1863 | Rake 0 
Board [Qd Ts 6c Th 6s]
Seat 1: Gabrielfs13 (button) folded on the River
Seat 3: Mr Meykes (small blind) collected (1863)
Seat 4: thibess (big blind) folded before Flop
Seat 5: Zaldete111 folded before Flop (didn't bet)
Seat 6: SD ANDRE folded before Flop (didn't bet)
Seat 7: Fisharley folded before Flop (didn't bet)
Seat 8: guilopespera folded before Flop (didn't bet)



PokerStars Hand #256958277131: Tournament #3908027353, $4.80+$5.00+$1.20 USD Hold'em No Limit - Level VIII (75/150) - 2025/07/15 14:50:08 BRT [2025/07/15 13:50:08 ET]
Table '3908027353 54' 8-max Seat #3 is the button
Seat 1: Gabrielfs13 (6748 in chips, $5 bounty) 
Seat 3: Mr Meykes (5123 in chips, $5 bounty) 
Seat 4: thibess (4090 in chips, $5 bounty) 
Seat 5: Zaldete111 (3225 in chips, $7.50 bounty) 
Seat 6: SD ANDRE (5236 in chips, $5 bounty) 
Seat 7: Fisharley (15130 in chips, $7.50 bounty) 
Seat 8: guilopespera (4958 in chips, $5 bounty) 
Gabrielfs13: posts the ante 20
Mr Meykes: posts the ante 20
thibess: posts the ante 20
Zaldete111: posts the ante 20
SD ANDRE: posts the ante 20
Fisharley: posts the ante 20
guilopespera: posts the ante 20
thibess: posts small blind 75
Zaldete111: posts big blind 150
*** HOLE CARDS ***
Dealt to Gabrielfs13 [5h 5s]
SD ANDRE: folds 
Fisharley: folds 
guilopespera: folds 
Gabrielfs13: raises 150 to 300
Mr Meykes: folds 
thibess: folds 
faelmichelman33 is disconnected 
Zaldete111: raises 2905 to 3205 and is all-in
Gabrielfs13: calls 2905
*** FLOP *** [Tc Ts 9s]
*** TURN *** [Tc Ts 9s] [Kd]
*** RIVER *** [Tc Ts 9s Kd] [Ah]
*** SHOW DOWN ***
Zaldete111: shows [3h 3c] (two pair, Tens and Threes)
Gabrielfs13: shows [5h 5s] (two pair, Tens and Fives)
Gabrielfs13 collected 6625 from pot
Gabrielfs13 wins $3.75 for eliminating Zaldete111 and their own bounty increases by $3.75 to $8.75
Zaldete111 finished the tournament
*** SUMMARY ***
Total pot 6625 | Rake 0 
Board [Tc Ts 9s Kd Ah]
Seat 1: Gabrielfs13 showed [5h 5s] and won (6625) with two pair, Tens and Fives
Seat 3: Mr Meykes (button) folded before Flop (didn't bet)
Seat 4: thibess (small blind) folded before Flop
Seat 5: Zaldete111 (big blind) showed [3h 3c] and lost with two pair, Tens and Threes
Seat 6: SD ANDRE folded before Flop (didn't bet)
Seat 7: Fisharley folded before Flop (didn't bet)
Seat 8: guilopespera folded before Flop (didn't bet)



PokerStars Hand #256958288020: Tournament #3908027353, $4.80+$5.00+$1.20 USD Hold'em No Limit - Level VIII (75/150) - 2025/07/15 14:50:59 BRT [2025/07/15 13:50:59 ET]
Table '3908027353 54' 8-max Seat #4 is the button
Seat 1: Gabrielfs13 (10148 in chips, $8.75 bounty) 
Seat 2: faelmichelman33 (5000 in chips, $5 bounty) 
Seat 3: Mr Meykes (5103 in chips, $5 bounty) 
Seat 4: thibess (3995 in chips, $5 bounty) 
Seat 6: SD ANDRE (5216 in chips, $5 bounty) 
Seat 7: Fisharley (15110 in chips, $7.50 bounty) 
Seat 8: guilopespera (4938 in chips, $5 bounty) 
Gabrielfs13: posts the ante 20
faelmichelman33: posts the ante 20
Mr Meykes: posts the ante 20
thibess: posts the ante 20
SD ANDRE: posts the ante 20
Fisharley: posts the ante 20
guilopespera: posts the ante 20
SD ANDRE: posts small blind 75
Fisharley: posts big blind 150
*** HOLE CARDS ***
Dealt to Gabrielfs13 [7h 2h]
guilopespera: folds 
Gabrielfs13: folds 
faelmichelman33: raises 150 to 300
Mr Meykes: calls 300
thibess: folds 
SD ANDRE: folds 
Fisharley: calls 150
*** FLOP *** [Tc Qd 9h]
Fisharley: checks 
faelmichelman33: bets 446
Mr Meykes: calls 446
Fisharley: folds 
*** TURN *** [Tc Qd 9h] [Js]
faelmichelman33: bets 803
Mr Meykes: calls 803
*** RIVER *** [Tc Qd 9h Js] [2c]
faelmichelman33: bets 3431 and is all-in
Mr Meykes: folds 
Uncalled bet (3431) returned to faelmichelman33
faelmichelman33 collected 3613 from pot
*** SUMMARY ***
Total pot 3613 | Rake 0 
Board [Tc Qd 9h Js 2c]
Seat 1: Gabrielfs13 folded before Flop (didn't bet)
Seat 2: faelmichelman33 collected (3613)
Seat 3: Mr Meykes folded on the River
Seat 4: thibess (button) folded before Flop (didn't bet)
Seat 6: SD ANDRE (small blind) folded before Flop
Seat 7: Fisharley (big blind) folded on the Flop
Seat 8: guilopespera folded before Flop (didn't bet)



PokerStars Hand #256958312226: Tournament #3908027353, $4.80+$5.00+$1.20 USD Hold'em No Limit - Level VIII (75/150) - 2025/07/15 14:52:55 BRT [2025/07/15 13:52:55 ET]
Table '3908027353 54' 8-max Seat #6 is the button
Seat 1: Gabrielfs13 (10128 in chips, $8.75 bounty) 
Seat 2: faelmichelman33 (7044 in chips, $5 bounty) 
Seat 3: Mr Meykes (3534 in chips, $5 bounty) 
Seat 4: thibess (3975 in chips, $5 bounty) 
Seat 5: Elysioum (5000 in chips, $5 bounty) 
Seat 6: SD ANDRE (5121 in chips, $5 bounty) 
Seat 7: Fisharley (14790 in chips, $7.50 bounty) 
Seat 8: guilopespera (4918 in chips, $5 bounty) 
Gabrielfs13: posts the ante 20
faelmichelman33: posts the ante 20
Mr Meykes: posts the ante 20
thibess: posts the ante 20
Elysioum: posts the ante 20
SD ANDRE: posts the ante 20
Fisharley: posts the ante 20
guilopespera: posts the ante 20
Fisharley: posts small blind 75
guilopespera: posts big blind 150
*** HOLE CARDS ***
Dealt to Gabrielfs13 [4c Qs]
Elysioum is disconnected 
Gabrielfs13: folds 
faelmichelman33: folds 
Mr Meykes: folds 
thibess: folds 
Elysioum: folds 
SD ANDRE: raises 150 to 300
Fisharley: raises 825 to 1125
guilopespera: folds 
SD ANDRE: folds 
Uncalled bet (825) returned to Fisharley
Fisharley collected 910 from pot
*** SUMMARY ***
Total pot 910 | Rake 0 
Seat 1: Gabrielfs13 folded before Flop (didn't bet)
Seat 2: faelmichelman33 folded before Flop (didn't bet)
Seat 3: Mr Meykes folded before Flop (didn't bet)
Seat 4: thibess folded before Flop (didn't bet)
Seat 5: Elysioum folded before Flop (didn't bet)
Seat 6: SD ANDRE (button) folded before Flop
Seat 7: Fisharley (small blind) collected (910)
Seat 8: guilopespera (big blind) folded before Flop



PokerStars Hand #256958320339: Tournament #3908027353, $4.80+$5.00+$1.20 USD Hold'em No Limit - Level VIII (75/150) - 2025/07/15 14:53:33 BRT [2025/07/15 13:53:33 ET]
Table '3908027353 54' 8-max Seat #7 is the button
Seat 1: Gabrielfs13 (10108 in chips, $8.75 bounty) 
Seat 2: faelmichelman33 (7024 in chips, $5 bounty) 
Seat 3: Mr Meykes (3514 in chips, $5 bounty) 
Seat 4: thibess (3955 in chips, $5 bounty) 
Seat 5: Elysioum (4980 in chips, $5 bounty) 
Seat 6: SD ANDRE (4801 in chips, $5 bounty) 
Seat 7: Fisharley (15380 in chips, $7.50 bounty) 
Seat 8: guilopespera (4748 in chips, $5 bounty) 
Gabrielfs13: posts the ante 20
faelmichelman33: posts the ante 20
Mr Meykes: posts the ante 20
thibess: posts the ante 20
Elysioum: posts the ante 20
SD ANDRE: posts the ante 20
Fisharley: posts the ante 20
guilopespera: posts the ante 20
guilopespera: posts small blind 75
Gabrielfs13: posts big blind 150
*** HOLE CARDS ***
Dealt to Gabrielfs13 [Tc 6d]
faelmichelman33: folds 
Mr Meykes: folds 
thibess: folds 
Elysioum: folds 
SD ANDRE: folds 
Fisharley: folds 
guilopespera: calls 75
Gabrielfs13: raises 300 to 450
guilopespera: calls 300
*** FLOP *** [Td 6h 5s]
guilopespera: checks 
Gabrielfs13: bets 530
guilopespera: folds 
Uncalled bet (530) returned to Gabrielfs13
Gabrielfs13 collected 1060 from pot
Gabrielfs13: doesn't show hand 
*** SUMMARY ***
Total pot 1060 | Rake 0 
Board [Td 6h 5s]
Seat 1: Gabrielfs13 (big blind) collected (1060)
Seat 2: faelmichelman33 folded before Flop (didn't bet)
Seat 3: Mr Meykes folded before Flop (didn't bet)
Seat 4: thibess folded before Flop (didn't bet)
Seat 5: Elysioum folded before Flop (didn't bet)
Seat 6: SD ANDRE folded before Flop (didn't bet)
Seat 7: Fisharley (button) folded before Flop (didn't bet)
Seat 8: guilopespera (small blind) folded on the Flop



PokerStars Hand #256958334878: Tournament #3908027353, $4.80+$5.00+$1.20 USD Hold'em No Limit - Level VIII (75/150) - 2025/07/15 14:54:43 BRT [2025/07/15 13:54:43 ET]
Table '3908027353 54' 8-max Seat #8 is the button
Seat 1: Gabrielfs13 (10698 in chips, $8.75 bounty) 
Seat 2: faelmichelman33 (7004 in chips, $5 bounty) 
Seat 3: Mr Meykes (3494 in chips, $5 bounty) 
Seat 4: thibess (3935 in chips, $5 bounty) 
Seat 5: Elysioum (4960 in chips, $5 bounty) 
Seat 6: SD ANDRE (4781 in chips, $5 bounty) 
Seat 7: Fisharley (15360 in chips, $7.50 bounty) 
Seat 8: guilopespera (4278 in chips, $5 bounty) 
Gabrielfs13: posts the ante 20
faelmichelman33: posts the ante 20
Mr Meykes: posts the ante 20
thibess: posts the ante 20
Elysioum: posts the ante 20
SD ANDRE: posts the ante 20
Fisharley: posts the ante 20
guilopespera: posts the ante 20
Gabrielfs13: posts small blind 75
faelmichelman33: posts big blind 150
*** HOLE CARDS ***
Dealt to Gabrielfs13 [4c 9s]
Mr Meykes: folds 
thibess: folds 
Elysioum: folds 
SD ANDRE: folds 
Fisharley: folds 
guilopespera: raises 150 to 300
Gabrielfs13: folds 
faelmichelman33: calls 150
*** FLOP *** [7d Td 5c]
faelmichelman33: checks 
guilopespera: bets 209
faelmichelman33: raises 501 to 710
guilopespera: folds 
Uncalled bet (501) returned to faelmichelman33
faelmichelman33 collected 1253 from pot
*** SUMMARY ***
Total pot 1253 | Rake 0 
Board [7d Td 5c]
Seat 1: Gabrielfs13 (small blind) folded before Flop
Seat 2: faelmichelman33 (big blind) collected (1253)
Seat 3: Mr Meykes folded before Flop (didn't bet)
Seat 4: thibess folded before Flop (didn't bet)
Seat 5: Elysioum folded before Flop (didn't bet)
Seat 6: SD ANDRE folded before Flop (didn't bet)
Seat 7: Fisharley folded before Flop (didn't bet)
Seat 8: guilopespera (button) folded on the Flop



PokerStars Hand #256958405382: Tournament #3908027353, $4.80+$5.00+$1.20 USD Hold'em No Limit - Level IX (100/200) - 2025/07/15 15:02:04 BRT [2025/07/15 14:02:04 ET]
Table '3908027353 54' 8-max Seat #1 is the button
Seat 1: Gabrielfs13 (10603 in chips, $8.75 bounty) 
Seat 2: faelmichelman33 (7728 in chips, $5 bounty) 
Seat 3: Mr Meykes (3474 in chips, $5 bounty) 
Seat 4: thibess (3915 in chips, $5 bounty) 
Seat 5: Elysioum (4940 in chips, $5 bounty) 
Seat 6: SD ANDRE (4761 in chips, $5 bounty) 
Seat 7: Fisharley (15340 in chips, $7.50 bounty) 
Seat 8: guilopespera (3749 in chips, $5 bounty) 
Gabrielfs13: posts the ante 25
faelmichelman33: posts the ante 25
Mr Meykes: posts the ante 25
thibess: posts the ante 25
Elysioum: posts the ante 25
SD ANDRE: posts the ante 25
Fisharley: posts the ante 25
guilopespera: posts the ante 25
faelmichelman33: posts small blind 100
Mr Meykes: posts big blind 200
*** HOLE CARDS ***
Dealt to Gabrielfs13 [5d 8h]
thibess: folds 
Elysioum: folds 
SD ANDRE is connected 
SD ANDRE is connected 
SD ANDRE: folds 
Fisharley: folds 
guilopespera: folds 
Gabrielfs13: folds 
faelmichelman33: calls 100
Mr Meykes: checks 
*** FLOP *** [3s 2h Kc]
faelmichelman33: checks 
Mr Meykes: checks 
*** TURN *** [3s 2h Kc] [7h]
faelmichelman33: bets 340
Mr Meykes: calls 340
*** RIVER *** [3s 2h Kc 7h] [Td]
faelmichelman33: bets 1088
Mr Meykes: folds 
Uncalled bet (1088) returned to faelmichelman33
faelmichelman33 collected 1280 from pot
*** SUMMARY ***
Total pot 1280 | Rake 0 
Board [3s 2h Kc 7h Td]
Seat 1: Gabrielfs13 (button) folded before Flop (didn't bet)
Seat 2: faelmichelman33 (small blind) collected (1280)
Seat 3: Mr Meykes (big blind) folded on the River
Seat 4: thibess folded before Flop (didn't bet)
Seat 5: Elysioum folded before Flop (didn't bet)
Seat 6: SD ANDRE folded before Flop (didn't bet)
Seat 7: Fisharley folded before Flop (didn't bet)
Seat 8: guilopespera folded before Flop (didn't bet)



PokerStars Hand #256958425560: Tournament #3908027353, $4.80+$5.00+$1.20 USD Hold'em No Limit - Level IX (100/200) - 2025/07/15 15:03:41 BRT [2025/07/15 14:03:41 ET]
Table '3908027353 54' 8-max Seat #2 is the button
Seat 1: Gabrielfs13 (10578 in chips, $8.75 bounty) 
Seat 2: faelmichelman33 (8443 in chips, $5 bounty) 
Seat 3: Mr Meykes (2909 in chips, $5 bounty) 
Seat 4: thibess (3890 in chips, $5 bounty) 
Seat 5: Elysioum (4915 in chips, $5 bounty) 
Seat 6: SD ANDRE (4736 in chips, $5 bounty) 
Seat 7: Fisharley (15315 in chips, $7.50 bounty) 
Seat 8: guilopespera (3724 in chips, $5 bounty) 
Gabrielfs13: posts the ante 25
faelmichelman33: posts the ante 25
Mr Meykes: posts the ante 25
thibess: posts the ante 25
Elysioum: posts the ante 25
SD ANDRE: posts the ante 25
Fisharley: posts the ante 25
guilopespera: posts the ante 25
Mr Meykes: posts small blind 100
thibess: posts big blind 200
*** HOLE CARDS ***
Dealt to Gabrielfs13 [Ad 6s]
Elysioum: folds 
SD ANDRE: folds 
Fisharley: folds 
guilopespera: folds 
Gabrielfs13: raises 200 to 400
faelmichelman33: folds 
Mr Meykes: folds 
thibess: raises 3465 to 3865 and is all-in
Gabrielfs13: folds 
Uncalled bet (3465) returned to thibess
thibess collected 1100 from pot
thibess: doesn't show hand 
*** SUMMARY ***
Total pot 1100 | Rake 0 
Seat 1: Gabrielfs13 folded before Flop
Seat 2: faelmichelman33 (button) folded before Flop (didn't bet)
Seat 3: Mr Meykes (small blind) folded before Flop
Seat 4: thibess (big blind) collected (1100)
Seat 5: Elysioum folded before Flop (didn't bet)
Seat 6: SD ANDRE folded before Flop (didn't bet)
Seat 7: Fisharley folded before Flop (didn't bet)
Seat 8: guilopespera folded before Flop (didn't bet)



PokerStars Hand #256958432112: Tournament #3908027353, $4.80+$5.00+$1.20 USD Hold'em No Limit - Level IX (100/200) - 2025/07/15 15:04:12 BRT [2025/07/15 14:04:12 ET]
Table '3908027353 54' 8-max Seat #3 is the button
Seat 1: Gabrielfs13 (10153 in chips, $8.75 bounty) 
Seat 2: faelmichelman33 (8418 in chips, $5 bounty) 
Seat 3: Mr Meykes (2784 in chips, $5 bounty) 
Seat 4: thibess (4565 in chips, $5 bounty) 
Seat 5: Elysioum (4890 in chips, $5 bounty) 
Seat 6: SD ANDRE (4711 in chips, $5 bounty) 
Seat 7: Fisharley (15290 in chips, $7.50 bounty) 
Seat 8: guilopespera (3699 in chips, $5 bounty) 
Gabrielfs13: posts the ante 25
faelmichelman33: posts the ante 25
Mr Meykes: posts the ante 25
thibess: posts the ante 25
Elysioum: posts the ante 25
SD ANDRE: posts the ante 25
Fisharley: posts the ante 25
guilopespera: posts the ante 25
thibess: posts small blind 100
Elysioum: posts big blind 200
*** HOLE CARDS ***
Dealt to Gabrielfs13 [4h Kc]
SD ANDRE: folds 
Fisharley: folds 
guilopespera: folds 
Gabrielfs13: folds 
faelmichelman33: folds 
Mr Meykes: folds 
thibess: calls 100
Elysioum: checks 
*** FLOP *** [7h 8c 6s]
thibess: checks 
Elysioum: bets 600
thibess: folds 
Uncalled bet (600) returned to Elysioum
Elysioum collected 600 from pot
Elysioum: doesn't show hand 
*** SUMMARY ***
Total pot 600 | Rake 0 
Board [7h 8c 6s]
Seat 1: Gabrielfs13 folded before Flop (didn't bet)
Seat 2: faelmichelman33 folded before Flop (didn't bet)
Seat 3: Mr Meykes (button) folded before Flop (didn't bet)
Seat 4: thibess (small blind) folded on the Flop
Seat 5: Elysioum (big blind) collected (600)
Seat 6: SD ANDRE folded before Flop (didn't bet)
Seat 7: Fisharley folded before Flop (didn't bet)
Seat 8: guilopespera folded before Flop (didn't bet)



PokerStars Hand #256958443070: Tournament #3908027353, $4.80+$5.00+$1.20 USD Hold'em No Limit - Level IX (100/200) - 2025/07/15 15:05:02 BRT [2025/07/15 14:05:02 ET]
Table '3908027353 54' 8-max Seat #4 is the button
Seat 1: Gabrielfs13 (10128 in chips, $8.75 bounty) 
Seat 2: faelmichelman33 (8393 in chips, $5 bounty) 
Seat 3: Mr Meykes (2759 in chips, $5 bounty) 
Seat 4: thibess (4340 in chips, $5 bounty) 
Seat 5: Elysioum (5265 in chips, $5 bounty) 
Seat 6: SD ANDRE (4686 in chips, $5 bounty) 
Seat 7: Fisharley (15265 in chips, $7.50 bounty) 
Seat 8: guilopespera (3674 in chips, $5 bounty) 
Gabrielfs13: posts the ante 25
faelmichelman33: posts the ante 25
Mr Meykes: posts the ante 25
thibess: posts the ante 25
Elysioum: posts the ante 25
SD ANDRE: posts the ante 25
Fisharley: posts the ante 25
guilopespera: posts the ante 25
Elysioum: posts small blind 100
SD ANDRE: posts big blind 200
*** HOLE CARDS ***
Dealt to Gabrielfs13 [9s 5h]
Fisharley: folds 
guilopespera: folds 
Gabrielfs13: folds 
faelmichelman33: folds 
Mr Meykes: raises 200 to 400
thibess: folds 
Elysioum: calls 300
SD ANDRE: raises 4261 to 4661 and is all-in
Mr Meykes: calls 2334 and is all-in
Elysioum: folds 
Uncalled bet (1927) returned to SD ANDRE
*** FLOP *** [6c 9d 7d]
*** TURN *** [6c 9d 7d] [5c]
*** RIVER *** [6c 9d 7d 5c] [Ah]
*** SHOW DOWN ***
SD ANDRE: shows [Qh Ac] (a pair of Aces)
Mr Meykes: shows [7c 7s] (three of a kind, Sevens)
Mr Meykes collected 6068 from pot
*** SUMMARY ***
Total pot 6068 | Rake 0 
Board [6c 9d 7d 5c Ah]
Seat 1: Gabrielfs13 folded before Flop (didn't bet)
Seat 2: faelmichelman33 folded before Flop (didn't bet)
Seat 3: Mr Meykes showed [7c 7s] and won (6068) with three of a kind, Sevens
Seat 4: thibess (button) folded before Flop (didn't bet)
Seat 5: Elysioum (small blind) folded before Flop
Seat 6: SD ANDRE (big blind) showed [Qh Ac] and lost with a pair of Aces
Seat 7: Fisharley folded before Flop (didn't bet)
Seat 8: guilopespera folded before Flop (didn't bet)



PokerStars Hand #256958456505: Tournament #3908027353, $4.80+$5.00+$1.20 USD Hold'em No Limit - Level IX (100/200) - 2025/07/15 15:05:58 BRT [2025/07/15 14:05:58 ET]
Table '3908027353 54' 8-max Seat #5 is the button
Seat 1: Gabrielfs13 (10103 in chips, $8.75 bounty) 
Seat 2: faelmichelman33 (8368 in chips, $5 bounty) 
Seat 3: Mr Meykes (6068 in chips, $5 bounty) 
Seat 4: thibess (4315 in chips, $5 bounty) 
Seat 5: Elysioum (4840 in chips, $5 bounty) 
Seat 6: SD ANDRE (1927 in chips, $5 bounty) 
Seat 7: Fisharley (15240 in chips, $7.50 bounty) 
Seat 8: guilopespera (3649 in chips, $5 bounty) 
Gabrielfs13: posts the ante 25
faelmichelman33: posts the ante 25
Mr Meykes: posts the ante 25
thibess: posts the ante 25
Elysioum: posts the ante 25
SD ANDRE: posts the ante 25
Fisharley: posts the ante 25
guilopespera: posts the ante 25
SD ANDRE: posts small blind 100
Fisharley: posts big blind 200
*** HOLE CARDS ***
Dealt to Gabrielfs13 [Ad 5c]
guilopespera: folds 
Gabrielfs13: folds 
faelmichelman33: folds 
Mr Meykes: folds 
thibess: folds 
Elysioum: folds 
SD ANDRE: raises 1702 to 1902 and is all-in
Fisharley: calls 1702
*** FLOP *** [4h 3c 8c]
*** TURN *** [4h 3c 8c] [Qh]
*** RIVER *** [4h 3c 8c Qh] [Kc]
*** SHOW DOWN ***
SD ANDRE: shows [Qs 4s] (two pair, Queens and Fours)
Fisharley: shows [Td Jd] (high card King)
SD ANDRE collected 4004 from pot
*** SUMMARY ***
Total pot 4004 | Rake 0 
Board [4h 3c 8c Qh Kc]
Seat 1: Gabrielfs13 folded before Flop (didn't bet)
Seat 2: faelmichelman33 folded before Flop (didn't bet)
Seat 3: Mr Meykes folded before Flop (didn't bet)
Seat 4: thibess folded before Flop (didn't bet)
Seat 5: Elysioum (button) folded before Flop (didn't bet)
Seat 6: SD ANDRE (small blind) showed [Qs 4s] and won (4004) with two pair, Queens and Fours
Seat 7: Fisharley (big blind) showed [Td Jd] and lost with high card King
Seat 8: guilopespera folded before Flop (didn't bet)



PokerStars Hand #256958465554: Tournament #3908027353, $4.80+$5.00+$1.20 USD Hold'em No Limit - Level IX (100/200) - 2025/07/15 15:06:33 BRT [2025/07/15 14:06:33 ET]
Table '3908027353 54' 8-max Seat #6 is the button
Seat 1: Gabrielfs13 (10078 in chips, $8.75 bounty) 
Seat 2: faelmichelman33 (8343 in chips, $5 bounty) 
Seat 3: Mr Meykes (6043 in chips, $5 bounty) 
Seat 4: thibess (4290 in chips, $5 bounty) 
Seat 5: Elysioum (4815 in chips, $5 bounty) 
Seat 6: SD ANDRE (4004 in chips, $5 bounty) 
Seat 7: Fisharley (13313 in chips, $7.50 bounty) 
Seat 8: guilopespera (3624 in chips, $5 bounty) 
Gabrielfs13: posts the ante 25
faelmichelman33: posts the ante 25
Mr Meykes: posts the ante 25
thibess: posts the ante 25
Elysioum: posts the ante 25
SD ANDRE: posts the ante 25
Fisharley: posts the ante 25
guilopespera: posts the ante 25
Fisharley: posts small blind 100
guilopespera: posts big blind 200
*** HOLE CARDS ***
Dealt to Gabrielfs13 [Jc 4s]
Gabrielfs13: folds 
faelmichelman33: folds 
Mr Meykes: folds 
thibess: raises 200 to 400
Elysioum: folds 
SD ANDRE: folds 
Fisharley: folds 
guilopespera: calls 200
*** FLOP *** [6h Qs Tc]
guilopespera: checks 
thibess: bets 363
guilopespera: folds 
Uncalled bet (363) returned to thibess
thibess collected 1100 from pot
thibess: doesn't show hand 
*** SUMMARY ***
Total pot 1100 | Rake 0 
Board [6h Qs Tc]
Seat 1: Gabrielfs13 folded before Flop (didn't bet)
Seat 2: faelmichelman33 folded before Flop (didn't bet)
Seat 3: Mr Meykes folded before Flop (didn't bet)
Seat 4: thibess collected (1100)
Seat 5: Elysioum folded before Flop (didn't bet)
Seat 6: SD ANDRE (button) folded before Flop (didn't bet)
Seat 7: Fisharley (small blind) folded before Flop
Seat 8: guilopespera (big blind) folded on the Flop



PokerStars Hand #256958479329: Tournament #3908027353, $4.80+$5.00+$1.20 USD Hold'em No Limit - Level X (125/250) - 2025/07/15 15:07:25 BRT [2025/07/15 14:07:25 ET]
Table '3908027353 54' 8-max Seat #7 is the button
Seat 1: Gabrielfs13 (10053 in chips, $8.75 bounty) 
Seat 2: faelmichelman33 (8318 in chips, $5 bounty) 
Seat 3: Mr Meykes (6018 in chips, $5 bounty) 
Seat 4: thibess (4965 in chips, $5 bounty) 
Seat 5: Elysioum (4790 in chips, $5 bounty) 
Seat 6: SD ANDRE (3979 in chips, $5 bounty) 
Seat 7: Fisharley (13188 in chips, $7.50 bounty) 
Seat 8: guilopespera (3199 in chips, $5 bounty) 
Gabrielfs13: posts the ante 30
faelmichelman33: posts the ante 30
Mr Meykes: posts the ante 30
thibess: posts the ante 30
Elysioum: posts the ante 30
SD ANDRE: posts the ante 30
Fisharley: posts the ante 30
guilopespera: posts the ante 30
guilopespera: posts small blind 125
Gabrielfs13: posts big blind 250
*** HOLE CARDS ***
Dealt to Gabrielfs13 [5d Ad]
faelmichelman33: folds 
Mr Meykes: folds 
thibess: folds 
Elysioum: folds 
SD ANDRE: raises 250 to 500
Fisharley: folds 
guilopespera: raises 2669 to 3169 and is all-in
Gabrielfs13: folds 
SD ANDRE: calls 2669
*** FLOP *** [Kd 6d 3s]
*** TURN *** [Kd 6d 3s] [9c]
*** RIVER *** [Kd 6d 3s 9c] [9d]
*** SHOW DOWN ***
guilopespera: shows [5s 5c] (two pair, Nines and Fives)
SD ANDRE: shows [Tc Ts] (two pair, Tens and Nines)
SD ANDRE collected 6828 from pot
SD ANDRE wins $2.50 for eliminating guilopespera and their own bounty increases by $2.50 to $7.50
guilopespera finished the tournament
*** SUMMARY ***
Total pot 6828 | Rake 0 
Board [Kd 6d 3s 9c 9d]
Seat 1: Gabrielfs13 (big blind) folded before Flop
Seat 2: faelmichelman33 folded before Flop (didn't bet)
Seat 3: Mr Meykes folded before Flop (didn't bet)
Seat 4: thibess folded before Flop (didn't bet)
Seat 5: Elysioum folded before Flop (didn't bet)
Seat 6: SD ANDRE showed [Tc Ts] and won (6828) with two pair, Tens and Nines
Seat 7: Fisharley (button) folded before Flop (didn't bet)
Seat 8: guilopespera (small blind) showed [5s 5c] and lost with two pair, Nines and Fives



PokerStars Hand #256958491670: Tournament #3908027353, $4.80+$5.00+$1.20 USD Hold'em No Limit - Level X (125/250) - 2025/07/15 15:08:12 BRT [2025/07/15 14:08:12 ET]
Table '3908027353 54' 8-max Seat #1 is the button
Seat 1: Gabrielfs13 (9773 in chips, $8.75 bounty) 
Seat 2: faelmichelman33 (8288 in chips, $5 bounty) 
Seat 3: Mr Meykes (5988 in chips, $5 bounty) 
Seat 4: thibess (4935 in chips, $5 bounty) 
Seat 5: Elysioum (4760 in chips, $5 bounty) 
Seat 6: SD ANDRE (7608 in chips, $7.50 bounty) 
Seat 7: Fisharley (13158 in chips, $7.50 bounty) 
Gabrielfs13: posts the ante 30
faelmichelman33: posts the ante 30
Mr Meykes: posts the ante 30
thibess: posts the ante 30
Elysioum: posts the ante 30
SD ANDRE: posts the ante 30
Fisharley: posts the ante 30
faelmichelman33: posts small blind 125
Mr Meykes: posts big blind 250
*** HOLE CARDS ***
Dealt to Gabrielfs13 [Td 5h]
thibess: folds 
Elysioum: folds 
SD ANDRE: folds 
Fisharley: folds 
Gabrielfs13: folds 
faelmichelman33: raises 525 to 775
Mr Meykes: calls 525
*** FLOP *** [6c 7d 2c]
faelmichelman33: checks 
Mr Meykes: checks 
*** TURN *** [6c 7d 2c] [Jc]
faelmichelman33: bets 422
Mr Meykes: calls 422
*** RIVER *** [6c 7d 2c Jc] [Ac]
faelmichelman33: bets 7061 and is all-in
Mr Meykes: folds 
Uncalled bet (7061) returned to faelmichelman33
faelmichelman33 collected 2604 from pot
*** SUMMARY ***
Total pot 2604 | Rake 0 
Board [6c 7d 2c Jc Ac]
Seat 1: Gabrielfs13 (button) folded before Flop (didn't bet)
Seat 2: faelmichelman33 (small blind) collected (2604)
Seat 3: Mr Meykes (big blind) folded on the River
Seat 4: thibess folded before Flop (didn't bet)
Seat 5: Elysioum folded before Flop (didn't bet)
Seat 6: SD ANDRE folded before Flop (didn't bet)
Seat 7: Fisharley folded before Flop (didn't bet)



PokerStars Hand #256958509596: Tournament #3908027353, $4.80+$5.00+$1.20 USD Hold'em No Limit - Level X (125/250) - 2025/07/15 15:09:21 BRT [2025/07/15 14:09:21 ET]
Table '3908027353 54' 8-max Seat #2 is the button
Seat 1: Gabrielfs13 (9743 in chips, $8.75 bounty) 
Seat 2: faelmichelman33 (9665 in chips, $5 bounty) 
Seat 3: Mr Meykes (4761 in chips, $5 bounty) 
Seat 4: thibess (4905 in chips, $5 bounty) 
Seat 5: Elysioum (4730 in chips, $5 bounty) 
Seat 6: SD ANDRE (7578 in chips, $7.50 bounty) 
Seat 7: Fisharley (13128 in chips, $7.50 bounty) 
Gabrielfs13: posts the ante 30
faelmichelman33: posts the ante 30
Mr Meykes: posts the ante 30
thibess: posts the ante 30
Elysioum: posts the ante 30
SD ANDRE: posts the ante 30
Fisharley: posts the ante 30
Mr Meykes: posts small blind 125
thibess: posts big blind 250
*** HOLE CARDS ***
Dealt to Gabrielfs13 [5s 5d]
Elysioum: folds 
SD ANDRE: raises 250 to 500
Fisharley: raises 1000 to 1500
Gabrielfs13: folds 
faelmichelman33: folds 
Mr Meykes: folds 
gyzik84 is disconnected 
thibess: folds 
SD ANDRE: calls 1000
*** FLOP *** [Qh Js 4s]
SD ANDRE: checks 
Fisharley: bets 1183
SD ANDRE: folds 
Uncalled bet (1183) returned to Fisharley
Fisharley collected 3585 from pot
*** SUMMARY ***
Total pot 3585 | Rake 0 
Board [Qh Js 4s]
Seat 1: Gabrielfs13 folded before Flop (didn't bet)
Seat 2: faelmichelman33 (button) folded before Flop (didn't bet)
Seat 3: Mr Meykes (small blind) folded before Flop
Seat 4: thibess (big blind) folded before Flop
Seat 5: Elysioum folded before Flop (didn't bet)
Seat 6: SD ANDRE folded on the Flop
Seat 7: Fisharley collected (3585)



PokerStars Hand #256958520533: Tournament #3908027353, $4.80+$5.00+$1.20 USD Hold'em No Limit - Level X (125/250) - 2025/07/15 15:10:03 BRT [2025/07/15 14:10:03 ET]
Table '3908027353 54' 8-max Seat #3 is the button
Seat 1: Gabrielfs13 (9713 in chips, $8.75 bounty) 
Seat 2: faelmichelman33 (9635 in chips, $5 bounty) 
Seat 3: Mr Meykes (4606 in chips, $5 bounty) 
Seat 4: thibess (4625 in chips, $5 bounty) 
Seat 5: Elysioum (4700 in chips, $5 bounty) 
Seat 6: SD ANDRE (6048 in chips, $7.50 bounty) 
Seat 7: Fisharley (15183 in chips, $7.50 bounty) 
Seat 8: gyzik84 (5000 in chips, $5 bounty) 
Gabrielfs13: posts the ante 30
faelmichelman33: posts the ante 30
Mr Meykes: posts the ante 30
thibess: posts the ante 30
Elysioum: posts the ante 30
SD ANDRE: posts the ante 30
Fisharley: posts the ante 30
gyzik84: posts the ante 30
thibess: posts small blind 125
Elysioum: posts big blind 250
*** HOLE CARDS ***
Dealt to Gabrielfs13 [4s Qs]
SD ANDRE: folds 
Fisharley: folds 
gyzik84: folds 
Gabrielfs13: folds 
faelmichelman33: folds 
Mr Meykes: raises 425 to 675
thibess: folds 
Elysioum: calls 425
*** FLOP *** [3h 6d 4c]
Elysioum: checks 
Mr Meykes: bets 755
Elysioum: calls 755
*** TURN *** [3h 6d 4c] [4d]
Elysioum: checks 
Mr Meykes: checks 
*** RIVER *** [3h 6d 4c 4d] [8c]
Elysioum: bets 3240 and is all-in
Mr Meykes: folds 
Uncalled bet (3240) returned to Elysioum
Elysioum collected 3225 from pot
Elysioum: doesn't show hand 
*** SUMMARY ***
Total pot 3225 | Rake 0 
Board [3h 6d 4c 4d 8c]
Seat 1: Gabrielfs13 folded before Flop (didn't bet)
Seat 2: faelmichelman33 folded before Flop (didn't bet)
Seat 3: Mr Meykes (button) folded on the River
Seat 4: thibess (small blind) folded before Flop
Seat 5: Elysioum (big blind) collected (3225)
Seat 6: SD ANDRE folded before Flop (didn't bet)
Seat 7: Fisharley folded before Flop (didn't bet)
Seat 8: gyzik84 folded before Flop (didn't bet)



PokerStars Hand #256958535327: Tournament #3908027353, $4.80+$5.00+$1.20 USD Hold'em No Limit - Level X (125/250) - 2025/07/15 15:10:59 BRT [2025/07/15 14:10:59 ET]
Table '3908027353 54' 8-max Seat #4 is the button
Seat 1: Gabrielfs13 (9683 in chips, $8.75 bounty) 
Seat 2: faelmichelman33 (9605 in chips, $5 bounty) 
Seat 3: Mr Meykes (3146 in chips, $5 bounty) 
Seat 4: thibess (4470 in chips, $5 bounty) 
Seat 5: Elysioum (6465 in chips, $5 bounty) 
Seat 6: SD ANDRE (6018 in chips, $7.50 bounty) 
Seat 7: Fisharley (15153 in chips, $7.50 bounty) 
Seat 8: gyzik84 (4970 in chips, $5 bounty) 
Gabrielfs13: posts the ante 30
faelmichelman33: posts the ante 30
Mr Meykes: posts the ante 30
thibess: posts the ante 30
Elysioum: posts the ante 30
SD ANDRE: posts the ante 30
Fisharley: posts the ante 30
gyzik84: posts the ante 30
Elysioum: posts small blind 125
SD ANDRE: posts big blind 250
*** HOLE CARDS ***
Dealt to Gabrielfs13 [Jd 2s]
Fisharley: folds 
gyzik84: raises 250 to 500
Gabrielfs13: folds 
faelmichelman33: calls 500
Mr Meykes: folds 
thibess: folds 
Elysioum: calls 375
SD ANDRE: folds 
*** FLOP *** [6d Kh 5c]
Elysioum: checks 
gyzik84: bets 557
faelmichelman33: folds 
Elysioum: folds 
Uncalled bet (557) returned to gyzik84
gyzik84 collected 1990 from pot
gyzik84: doesn't show hand 
*** SUMMARY ***
Total pot 1990 | Rake 0 
Board [6d Kh 5c]
Seat 1: Gabrielfs13 folded before Flop (didn't bet)
Seat 2: faelmichelman33 folded on the Flop
Seat 3: Mr Meykes folded before Flop (didn't bet)
Seat 4: thibess (button) folded before Flop (didn't bet)
Seat 5: Elysioum (small blind) folded on the Flop
Seat 6: SD ANDRE (big blind) folded before Flop
Seat 7: Fisharley folded before Flop (didn't bet)
Seat 8: gyzik84 collected (1990)



PokerStars Hand #256958548965: Tournament #3908027353, $4.80+$5.00+$1.20 USD Hold'em No Limit - Level X (125/250) - 2025/07/15 15:11:51 BRT [2025/07/15 14:11:51 ET]
Table '3908027353 54' 8-max Seat #5 is the button
Seat 1: Gabrielfs13 (9653 in chips, $8.75 bounty) 
Seat 2: faelmichelman33 (9075 in chips, $5 bounty) 
Seat 3: Mr Meykes (3116 in chips, $5 bounty) 
Seat 4: thibess (4440 in chips, $5 bounty) 
Seat 5: Elysioum (5935 in chips, $5 bounty) 
Seat 6: SD ANDRE (5738 in chips, $7.50 bounty) 
Seat 7: Fisharley (15123 in chips, $7.50 bounty) 
Seat 8: gyzik84 (6430 in chips, $5 bounty) 
Gabrielfs13: posts the ante 30
faelmichelman33: posts the ante 30
Mr Meykes: posts the ante 30
thibess: posts the ante 30
Elysioum: posts the ante 30
SD ANDRE: posts the ante 30
Fisharley: posts the ante 30
gyzik84: posts the ante 30
SD ANDRE: posts small blind 125
Fisharley: posts big blind 250
*** HOLE CARDS ***
Dealt to Gabrielfs13 [Jh Kh]
gyzik84: folds 
Gabrielfs13: raises 250 to 500
faelmichelman33: folds 
Elysioum is disconnected 
Mr Meykes: folds 
thibess: folds 
Elysioum is connected 
Elysioum is connected 
Elysioum: folds 
SD ANDRE: folds 
Fisharley: calls 250
*** FLOP *** [3d 4c 5d]
Fisharley: checks 
Gabrielfs13: checks 
*** TURN *** [3d 4c 5d] [Tc]
Fisharley: bets 1706
Gabrielfs13: folds 
Uncalled bet (1706) returned to Fisharley
Fisharley collected 1365 from pot
*** SUMMARY ***
Total pot 1365 | Rake 0 
Board [3d 4c 5d Tc]
Seat 1: Gabrielfs13 folded on the Turn
Seat 2: faelmichelman33 folded before Flop (didn't bet)
Seat 3: Mr Meykes folded before Flop (didn't bet)
Seat 4: thibess folded before Flop (didn't bet)
Seat 5: Elysioum (button) folded before Flop (didn't bet)
Seat 6: SD ANDRE (small blind) folded before Flop
Seat 7: Fisharley (big blind) collected (1365)
Seat 8: gyzik84 folded before Flop (didn't bet)



PokerStars Hand #256958569878: Tournament #3908027353, $4.80+$5.00+$1.20 USD Hold'em No Limit - Level XI (150/300) - 2025/07/15 15:13:11 BRT [2025/07/15 14:13:11 ET]
Table '3908027353 54' 8-max Seat #6 is the button
Seat 1: Gabrielfs13 (9123 in chips, $8.75 bounty) 
Seat 2: faelmichelman33 (9045 in chips, $5 bounty) 
Seat 3: Mr Meykes (3086 in chips, $5 bounty) 
Seat 4: thibess (4410 in chips, $5 bounty) 
Seat 5: Elysioum (5905 in chips, $5 bounty) 
Seat 6: SD ANDRE (5583 in chips, $7.50 bounty) 
Seat 7: Fisharley (15958 in chips, $7.50 bounty) 
Seat 8: gyzik84 (6400 in chips, $5 bounty) 
Gabrielfs13: posts the ante 40
faelmichelman33: posts the ante 40
Mr Meykes: posts the ante 40
thibess: posts the ante 40
Elysioum: posts the ante 40
SD ANDRE: posts the ante 40
Fisharley: posts the ante 40
gyzik84: posts the ante 40
Fisharley: posts small blind 150
gyzik84: posts big blind 300
*** HOLE CARDS ***
Dealt to Gabrielfs13 [7s 7d]
Gabrielfs13: raises 300 to 600
faelmichelman33: folds 
Mr Meykes: folds 
thibess: folds 
Elysioum: folds 
SD ANDRE: folds 
Fisharley: folds 
gyzik84: raises 5760 to 6360 and is all-in
Gabrielfs13: calls 5760
*** FLOP *** [3d As Qc]
*** TURN *** [3d As Qc] [4d]
*** RIVER *** [3d As Qc 4d] [2s]
*** SHOW DOWN ***
gyzik84: shows [Kh Ac] (a pair of Aces)
Gabrielfs13: shows [7s 7d] (a pair of Sevens)
gyzik84 collected 13190 from pot
*** SUMMARY ***
Total pot 13190 | Rake 0 
Board [3d As Qc 4d 2s]
Seat 1: Gabrielfs13 showed [7s 7d] and lost with a pair of Sevens
Seat 2: faelmichelman33 folded before Flop (didn't bet)
Seat 3: Mr Meykes folded before Flop (didn't bet)
Seat 4: thibess folded before Flop (didn't bet)
Seat 5: Elysioum folded before Flop (didn't bet)
Seat 6: SD ANDRE (button) folded before Flop (didn't bet)
Seat 7: Fisharley (small blind) folded before Flop
Seat 8: gyzik84 (big blind) showed [Kh Ac] and won (13190) with a pair of Aces



PokerStars Hand #256958582583: Tournament #3908027353, $4.80+$5.00+$1.20 USD Hold'em No Limit - Level XI (150/300) - 2025/07/15 15:14:00 BRT [2025/07/15 14:14:00 ET]
Table '3908027353 54' 8-max Seat #7 is the button
Seat 1: Gabrielfs13 (2723 in chips, $8.75 bounty) 
Seat 2: faelmichelman33 (9005 in chips, $5 bounty) 
Seat 3: Mr Meykes (3046 in chips, $5 bounty) 
Seat 4: thibess (4370 in chips, $5 bounty) 
Seat 5: Elysioum (5865 in chips, $5 bounty) 
Seat 6: SD ANDRE (5543 in chips, $7.50 bounty) 
Seat 7: Fisharley (15768 in chips, $7.50 bounty) 
Seat 8: gyzik84 (13190 in chips, $5 bounty) 
Gabrielfs13: posts the ante 40
faelmichelman33: posts the ante 40
Mr Meykes: posts the ante 40
thibess: posts the ante 40
Elysioum: posts the ante 40
SD ANDRE: posts the ante 40
Fisharley: posts the ante 40
gyzik84: posts the ante 40
gyzik84: posts small blind 150
Gabrielfs13: posts big blind 300
*** HOLE CARDS ***
Dealt to Gabrielfs13 [5d 9s]
faelmichelman33: folds 
Mr Meykes: folds 
thibess: raises 4030 to 4330 and is all-in
Elysioum: folds 
SD ANDRE: folds 
Fisharley: calls 4330
gyzik84: folds 
Gabrielfs13: folds 
*** FLOP *** [4h 6h Td]
*** TURN *** [4h 6h Td] [9c]
*** RIVER *** [4h 6h Td 9c] [6s]
*** SHOW DOWN ***
thibess: shows [Ks Ac] (a pair of Sixes)
Fisharley: shows [Qs Qh] (two pair, Queens and Sixes)
Fisharley collected 9430 from pot
Fisharley wins $2.50 for eliminating thibess and their own bounty increases by $2.50 to $10
thibess finished the tournament
*** SUMMARY ***
Total pot 9430 | Rake 0 
Board [4h 6h Td 9c 6s]
Seat 1: Gabrielfs13 (big blind) folded before Flop
Seat 2: faelmichelman33 folded before Flop (didn't bet)
Seat 3: Mr Meykes folded before Flop (didn't bet)
Seat 4: thibess showed [Ks Ac] and lost with a pair of Sixes
Seat 5: Elysioum folded before Flop (didn't bet)
Seat 6: SD ANDRE folded before Flop (didn't bet)
Seat 7: Fisharley (button) showed [Qs Qh] and won (9430) with two pair, Queens and Sixes
Seat 8: gyzik84 (small blind) folded before Flop



PokerStars Hand #256958593284: Tournament #3908027353, $4.80+$5.00+$1.20 USD Hold'em No Limit - Level XI (150/300) - 2025/07/15 15:14:41 BRT [2025/07/15 14:14:41 ET]
Table '3908027353 54' 8-max Seat #8 is the button
Seat 1: Gabrielfs13 (2383 in chips, $8.75 bounty) 
Seat 2: faelmichelman33 (8965 in chips, $5 bounty) 
Seat 3: Mr Meykes (3006 in chips, $5 bounty) 
Seat 5: Elysioum (5825 in chips, $5 bounty) 
Seat 6: SD ANDRE (5503 in chips, $7.50 bounty) 
Seat 7: Fisharley (20828 in chips, $10 bounty) 
Seat 8: gyzik84 (13000 in chips, $5 bounty) 
Gabrielfs13: posts the ante 40
faelmichelman33: posts the ante 40
Mr Meykes: posts the ante 40
Elysioum: posts the ante 40
SD ANDRE: posts the ante 40
Fisharley: posts the ante 40
gyzik84: posts the ante 40
Gabrielfs13: posts small blind 150
faelmichelman33: posts big blind 300
*** HOLE CARDS ***
Dealt to Gabrielfs13 [6h Js]
Mr Meykes: folds 
Elysioum: folds 
SD ANDRE: raises 300 to 600
Fisharley: folds 
gyzik84: folds 
Gabrielfs13: folds 
faelmichelman33: calls 300
*** FLOP *** [As 5s 8d]
faelmichelman33: checks 
SD ANDRE: bets 522
faelmichelman33: folds 
Uncalled bet (522) returned to SD ANDRE
SD ANDRE collected 1630 from pot
SD ANDRE: doesn't show hand 
*** SUMMARY ***
Total pot 1630 | Rake 0 
Board [As 5s 8d]
Seat 1: Gabrielfs13 (small blind) folded before Flop
Seat 2: faelmichelman33 (big blind) folded on the Flop
Seat 3: Mr Meykes folded before Flop (didn't bet)
Seat 5: Elysioum folded before Flop (didn't bet)
Seat 6: SD ANDRE collected (1630)
Seat 7: Fisharley folded before Flop (didn't bet)
Seat 8: gyzik84 (button) folded before Flop (didn't bet)



PokerStars Hand #256958606049: Tournament #3908027353, $4.80+$5.00+$1.20 USD Hold'em No Limit - Level XI (150/300) - 2025/07/15 15:15:28 BRT [2025/07/15 14:15:28 ET]
Table '3908027353 54' 8-max Seat #1 is the button
Seat 1: Gabrielfs13 (2193 in chips, $8.75 bounty) 
Seat 2: faelmichelman33 (8325 in chips, $5 bounty) 
Seat 3: Mr Meykes (2966 in chips, $5 bounty) 
Seat 5: Elysioum (5785 in chips, $5 bounty) 
Seat 6: SD ANDRE (6493 in chips, $7.50 bounty) 
Seat 7: Fisharley (20788 in chips, $10 bounty) 
Seat 8: gyzik84 (12960 in chips, $5 bounty) 
Gabrielfs13: posts the ante 40
faelmichelman33: posts the ante 40
Mr Meykes: posts the ante 40
Elysioum: posts the ante 40
SD ANDRE: posts the ante 40
Fisharley: posts the ante 40
gyzik84: posts the ante 40
faelmichelman33: posts small blind 150
Mr Meykes: posts big blind 300
*** HOLE CARDS ***
Dealt to Gabrielfs13 [Js Ts]
Elysioum: folds 
SD ANDRE: raises 300 to 600
Fisharley: folds 
gyzik84: calls 600
Gabrielfs13: raises 1553 to 2153 and is all-in
faelmichelman33: folds 
Mr Meykes: folds 
SD ANDRE: raises 4300 to 6453 and is all-in
gyzik84: folds 
Uncalled bet (4300) returned to SD ANDRE
*** FLOP *** [2d 8d 9d]
*** TURN *** [2d 8d 9d] [As]
*** RIVER *** [2d 8d 9d As] [7d]
*** SHOW DOWN ***
SD ANDRE: shows [7h Ah] (two pair, Aces and Sevens)
Gabrielfs13: shows [Js Ts] (a straight, Seven to Jack)
Gabrielfs13 collected 5636 from pot
*** SUMMARY ***
Total pot 5636 | Rake 0 
Board [2d 8d 9d As 7d]
Seat 1: Gabrielfs13 (button) showed [Js Ts] and won (5636) with a straight, Seven to Jack
Seat 2: faelmichelman33 (small blind) folded before Flop
Seat 3: Mr Meykes (big blind) folded before Flop
Seat 5: Elysioum folded before Flop (didn't bet)
Seat 6: SD ANDRE showed [7h Ah] and lost with two pair, Aces and Sevens
Seat 7: Fisharley folded before Flop (didn't bet)
Seat 8: gyzik84 folded before Flop



PokerStars Hand #256958615558: Tournament #3908027353, $4.80+$5.00+$1.20 USD Hold'em No Limit - Level XI (150/300) - 2025/07/15 15:16:04 BRT [2025/07/15 14:16:04 ET]
Table '3908027353 54' 8-max Seat #2 is the button
Seat 1: Gabrielfs13 (5636 in chips, $8.75 bounty) 
Seat 2: faelmichelman33 (8135 in chips, $5 bounty) 
Seat 3: Mr Meykes (2626 in chips, $5 bounty) 
Seat 5: Elysioum (5745 in chips, $5 bounty) 
Seat 6: SD ANDRE (4300 in chips, $7.50 bounty) 
Seat 7: Fisharley (20748 in chips, $10 bounty) 
Seat 8: gyzik84 (12320 in chips, $5 bounty) 
Gabrielfs13: posts the ante 40
faelmichelman33: posts the ante 40
Mr Meykes: posts the ante 40
Elysioum: posts the ante 40
SD ANDRE: posts the ante 40
Fisharley: posts the ante 40
gyzik84: posts the ante 40
Mr Meykes: posts small blind 150
Elysioum: posts big blind 300
*** HOLE CARDS ***
Dealt to Gabrielfs13 [Qd 5c]
SD ANDRE: folds 
Fisharley: folds 
gyzik84: folds 
Gabrielfs13: folds 
DIR02 is disconnected 
faelmichelman33: folds 
Mr Meykes: folds 
Uncalled bet (150) returned to Elysioum
Elysioum collected 580 from pot
Elysioum: doesn't show hand 
*** SUMMARY ***
Total pot 580 | Rake 0 
Seat 1: Gabrielfs13 folded before Flop (didn't bet)
Seat 2: faelmichelman33 (button) folded before Flop (didn't bet)
Seat 3: Mr Meykes (small blind) folded before Flop
Seat 5: Elysioum (big blind) collected (580)
Seat 6: SD ANDRE folded before Flop (didn't bet)
Seat 7: Fisharley folded before Flop (didn't bet)
Seat 8: gyzik84 folded before Flop (didn't bet)



PokerStars Hand #256958622329: Tournament #3908027353, $4.80+$5.00+$1.20 USD Hold'em No Limit - Level XI (150/300) - 2025/07/15 15:16:29 BRT [2025/07/15 14:16:29 ET]
Table '3908027353 54' 8-max Seat #3 is the button
Seat 1: Gabrielfs13 (5596 in chips, $8.75 bounty) 
Seat 2: faelmichelman33 (8095 in chips, $5 bounty) 
Seat 3: Mr Meykes (2436 in chips, $5 bounty) 
Seat 4: DIR02 (9380 in chips) out of hand (moved from another table into small blind)
Seat 5: Elysioum (6135 in chips, $5 bounty) 
Seat 6: SD ANDRE (4260 in chips, $7.50 bounty) 
Seat 7: Fisharley (20708 in chips, $10 bounty) 
Seat 8: gyzik84 (12280 in chips, $5 bounty) 
DIR02 will be allowed to play after the button
Gabrielfs13: posts the ante 40
faelmichelman33: posts the ante 40
Mr Meykes: posts the ante 40
Elysioum: posts the ante 40
SD ANDRE: posts the ante 40
Fisharley: posts the ante 40
gyzik84: posts the ante 40
Elysioum: posts small blind 150
SD ANDRE: posts big blind 300
*** HOLE CARDS ***
Dealt to Gabrielfs13 [Kc 6h]
Fisharley: folds 
gyzik84: folds 
Gabrielfs13: folds 
faelmichelman33: folds 
Mr Meykes: folds 
Elysioum: raises 5795 to 6095 and is all-in
SD ANDRE: calls 3920 and is all-in
Uncalled bet (1875) returned to Elysioum
*** FLOP *** [8c 7c Td]
*** TURN *** [8c 7c Td] [4h]
*** RIVER *** [8c 7c Td 4h] [Js]
*** SHOW DOWN ***
Elysioum: shows [Ah Qh] (high card Ace)
SD ANDRE: shows [Jd Kh] (a pair of Jacks)
SD ANDRE collected 8720 from pot
*** SUMMARY ***
Total pot 8720 | Rake 0 
Board [8c 7c Td 4h Js]
Seat 1: Gabrielfs13 folded before Flop (didn't bet)
Seat 2: faelmichelman33 folded before Flop (didn't bet)
Seat 3: Mr Meykes (button) folded before Flop (didn't bet)
Seat 5: Elysioum (small blind) showed [Ah Qh] and lost with high card Ace
Seat 6: SD ANDRE (big blind) showed [Jd Kh] and won (8720) with a pair of Jacks
Seat 7: Fisharley folded before Flop (didn't bet)
Seat 8: gyzik84 folded before Flop (didn't bet)



PokerStars Hand #256958634085: Tournament #3908027353, $4.80+$5.00+$1.20 USD Hold'em No Limit - Level XII (200/400) - 2025/07/15 15:17:14 BRT [2025/07/15 14:17:14 ET]
Table '3908027353 54' 8-max Seat #5 is the button
Seat 1: Gabrielfs13 (5556 in chips, $8.75 bounty) 
Seat 2: faelmichelman33 (8055 in chips, $5 bounty) 
Seat 3: Mr Meykes (2396 in chips, $5 bounty) 
Seat 4: DIR02 (9380 in chips, $7.50 bounty) 
Seat 5: Elysioum (1875 in chips, $5 bounty) 
Seat 6: SD ANDRE (8720 in chips, $7.50 bounty) 
Seat 7: Fisharley (20668 in chips, $10 bounty) 
Seat 8: gyzik84 (12240 in chips, $5 bounty) 
Gabrielfs13: posts the ante 50
faelmichelman33: posts the ante 50
Mr Meykes: posts the ante 50
DIR02: posts the ante 50
Elysioum: posts the ante 50
SD ANDRE: posts the ante 50
Fisharley: posts the ante 50
gyzik84: posts the ante 50
SD ANDRE: posts small blind 200
Fisharley: posts big blind 400
*** HOLE CARDS ***
Dealt to Gabrielfs13 [Ah 9d]
gyzik84: raises 400 to 800
Gabrielfs13: folds 
faelmichelman33: folds 
Mr Meykes: folds 
DIR02: folds 
Elysioum: folds 
SD ANDRE: folds 
Fisharley: calls 400
*** FLOP *** [Qd 5c Qh]
Fisharley: checks 
gyzik84: checks 
*** TURN *** [Qd 5c Qh] [Jh]
Fisharley: checks 
gyzik84: bets 768
Fisharley: calls 768
*** RIVER *** [Qd 5c Qh Jh] [6c]
Fisharley: checks 
gyzik84: bets 1272
Fisharley: calls 1272
*** SHOW DOWN ***
gyzik84: shows [Kd 9s] (a pair of Queens)
Fisharley: shows [Td Js] (two pair, Queens and Jacks)
Fisharley collected 6280 from pot
*** SUMMARY ***
Total pot 6280 | Rake 0 
Board [Qd 5c Qh Jh 6c]
Seat 1: Gabrielfs13 folded before Flop (didn't bet)
Seat 2: faelmichelman33 folded before Flop (didn't bet)
Seat 3: Mr Meykes folded before Flop (didn't bet)
Seat 4: DIR02 folded before Flop (didn't bet)
Seat 5: Elysioum (button) folded before Flop (didn't bet)
Seat 6: SD ANDRE (small blind) folded before Flop
Seat 7: Fisharley (big blind) showed [Td Js] and won (6280) with two pair, Queens and Jacks
Seat 8: gyzik84 showed [Kd 9s] and lost with a pair of Queens



PokerStars Hand #256958657909: Tournament #3908027353, $4.80+$5.00+$1.20 USD Hold'em No Limit - Level XII (200/400) - 2025/07/15 15:18:43 BRT [2025/07/15 14:18:43 ET]
Table '3908027353 54' 8-max Seat #6 is the button
Seat 1: Gabrielfs13 (5506 in chips, $8.75 bounty) 
Seat 2: faelmichelman33 (8005 in chips, $5 bounty) 
Seat 3: Mr Meykes (2346 in chips, $5 bounty) 
Seat 4: DIR02 (9330 in chips, $7.50 bounty) 
Seat 5: Elysioum (1825 in chips, $5 bounty) 
Seat 6: SD ANDRE (8470 in chips, $7.50 bounty) 
Seat 7: Fisharley (24058 in chips, $10 bounty) 
Seat 8: gyzik84 (9350 in chips, $5 bounty) 
Gabrielfs13: posts the ante 50
faelmichelman33: posts the ante 50
Mr Meykes: posts the ante 50
DIR02: posts the ante 50
Elysioum: posts the ante 50
SD ANDRE: posts the ante 50
Fisharley: posts the ante 50
gyzik84: posts the ante 50
Fisharley: posts small blind 200
gyzik84: posts big blind 400
*** HOLE CARDS ***
Dealt to Gabrielfs13 [4c Ks]
Gabrielfs13: folds 
faelmichelman33: folds 
Mr Meykes: folds 
DIR02: raises 400 to 800
Elysioum: folds 
SD ANDRE: folds 
Fisharley: folds 
gyzik84: calls 400
*** FLOP *** [6h 4d 4h]
gyzik84: checks 
DIR02: checks 
*** TURN *** [6h 4d 4h] [Kd]
gyzik84: checks 
DIR02: bets 800
gyzik84: folds 
Uncalled bet (800) returned to DIR02
DIR02 collected 2200 from pot
*** SUMMARY ***
Total pot 2200 | Rake 0 
Board [6h 4d 4h Kd]
Seat 1: Gabrielfs13 folded before Flop (didn't bet)
Seat 2: faelmichelman33 folded before Flop (didn't bet)
Seat 3: Mr Meykes folded before Flop (didn't bet)
Seat 4: DIR02 collected (2200)
Seat 5: Elysioum folded before Flop (didn't bet)
Seat 6: SD ANDRE (button) folded before Flop (didn't bet)
Seat 7: Fisharley (small blind) folded before Flop
Seat 8: gyzik84 (big blind) folded on the Turn



PokerStars Hand #256958674080: Tournament #3908027353, $4.80+$5.00+$1.20 USD Hold'em No Limit - Level XII (200/400) - 2025/07/15 15:19:44 BRT [2025/07/15 14:19:44 ET]
Table '3908027353 54' 8-max Seat #7 is the button
Seat 1: Gabrielfs13 (5456 in chips, $8.75 bounty) 
Seat 2: faelmichelman33 (7955 in chips, $5 bounty) 
Seat 3: Mr Meykes (2296 in chips, $5 bounty) 
Seat 4: DIR02 (10680 in chips, $7.50 bounty) 
Seat 5: Elysioum (1775 in chips, $5 bounty) 
Seat 6: SD ANDRE (8420 in chips, $7.50 bounty) 
Seat 7: Fisharley (23808 in chips, $10 bounty) 
Seat 8: gyzik84 (8500 in chips, $5 bounty) 
Gabrielfs13: posts the ante 50
faelmichelman33: posts the ante 50
Mr Meykes: posts the ante 50
DIR02: posts the ante 50
Elysioum: posts the ante 50
SD ANDRE: posts the ante 50
Fisharley: posts the ante 50
gyzik84: posts the ante 50
gyzik84: posts small blind 200
Gabrielfs13: posts big blind 400
*** HOLE CARDS ***
Dealt to Gabrielfs13 [Ks Th]
faelmichelman33: folds 
Mr Meykes: folds 
DIR02: folds 
Elysioum: raises 1325 to 1725 and is all-in
SD ANDRE: folds 
Fisharley: folds 
gyzik84: raises 6725 to 8450 and is all-in
Gabrielfs13: folds 
Uncalled bet (6725) returned to gyzik84
*** FLOP *** [6c Jd 2h]
*** TURN *** [6c Jd 2h] [8h]
*** RIVER *** [6c Jd 2h 8h] [Qs]
*** SHOW DOWN ***
gyzik84: shows [8d 7s] (a pair of Eights)
Elysioum: shows [Js Qc] (two pair, Queens and Jacks)
Elysioum collected 4250 from pot
*** SUMMARY ***
Total pot 4250 | Rake 0 
Board [6c Jd 2h 8h Qs]
Seat 1: Gabrielfs13 (big blind) folded before Flop
Seat 2: faelmichelman33 folded before Flop (didn't bet)
Seat 3: Mr Meykes folded before Flop (didn't bet)
Seat 4: DIR02 folded before Flop (didn't bet)
Seat 5: Elysioum showed [Js Qc] and won (4250) with two pair, Queens and Jacks
Seat 6: SD ANDRE folded before Flop (didn't bet)
Seat 7: Fisharley (button) folded before Flop (didn't bet)
Seat 8: gyzik84 (small blind) showed [8d 7s] and lost with a pair of Eights



PokerStars Hand #256958691042: Tournament #3908027353, $4.80+$5.00+$1.20 USD Hold'em No Limit - Level XII (200/400) - 2025/07/15 15:20:48 BRT [2025/07/15 14:20:48 ET]
Table '3908027353 54' 8-max Seat #8 is the button
Seat 1: Gabrielfs13 (5006 in chips, $8.75 bounty) 
Seat 2: faelmichelman33 (7905 in chips, $5 bounty) 
Seat 3: Mr Meykes (2246 in chips, $5 bounty) 
Seat 4: DIR02 (10630 in chips, $7.50 bounty) 
Seat 5: Elysioum (4250 in chips, $5 bounty) 
Seat 6: SD ANDRE (8370 in chips, $7.50 bounty) 
Seat 7: Fisharley (23758 in chips, $10 bounty) 
Seat 8: gyzik84 (6725 in chips, $5 bounty) 
Gabrielfs13: posts the ante 50
faelmichelman33: posts the ante 50
Mr Meykes: posts the ante 50
DIR02: posts the ante 50
Elysioum: posts the ante 50
SD ANDRE: posts the ante 50
Fisharley: posts the ante 50
gyzik84: posts the ante 50
Gabrielfs13: posts small blind 200
faelmichelman33: posts big blind 400
*** HOLE CARDS ***
Dealt to Gabrielfs13 [Th 5c]
Mr Meykes has timed out
Mr Meykes: folds 
Mr Meykes is sitting out
Mr Meykes has returned
DIR02: folds 
Elysioum: raises 400 to 800
SD ANDRE: folds 
Fisharley: folds 
gyzik84: raises 5875 to 6675 and is all-in
Gabrielfs13: folds 
faelmichelman33: folds 
Elysioum: calls 3400 and is all-in
Uncalled bet (2475) returned to gyzik84
*** FLOP *** [9s 7c 6c]
*** TURN *** [9s 7c 6c] [4c]
*** RIVER *** [9s 7c 6c 4c] [3d]
*** SHOW DOWN ***
Elysioum: shows [2d 2c] (a pair of Deuces)
gyzik84: shows [8c Qc] (a flush, Queen high)
gyzik84 collected 9400 from pot
gyzik84 wins $2.50 for eliminating Elysioum and their own bounty increases by $2.50 to $7.50
Elysioum finished the tournament in 288th place
*** SUMMARY ***
Total pot 9400 | Rake 0 
Board [9s 7c 6c 4c 3d]
Seat 1: Gabrielfs13 (small blind) folded before Flop
Seat 2: faelmichelman33 (big blind) folded before Flop
Seat 3: Mr Meykes folded before Flop (didn't bet)
Seat 4: DIR02 folded before Flop (didn't bet)
Seat 5: Elysioum showed [2d 2c] and lost with a pair of Deuces
Seat 6: SD ANDRE folded before Flop (didn't bet)
Seat 7: Fisharley folded before Flop (didn't bet)
Seat 8: gyzik84 (button) showed [8c Qc] and won (9400) with a flush, Queen high



PokerStars Hand #256958705875: Tournament #3908027353, $4.80+$5.00+$1.20 USD Hold'em No Limit - Level XII (200/400) - 2025/07/15 15:21:43 BRT [2025/07/15 14:21:43 ET]
Table '3908027353 54' 8-max Seat #1 is the button
Seat 1: Gabrielfs13 (4756 in chips, $8.75 bounty) 
Seat 2: faelmichelman33 (7455 in chips, $5 bounty) 
Seat 3: Mr Meykes (2196 in chips, $5 bounty) 
Seat 4: DIR02 (10580 in chips, $7.50 bounty) 
Seat 6: SD ANDRE (8320 in chips, $7.50 bounty) 
Seat 7: Fisharley (23708 in chips, $10 bounty) 
Seat 8: gyzik84 (11875 in chips, $7.50 bounty) 
Gabrielfs13: posts the ante 50
faelmichelman33: posts the ante 50
Mr Meykes: posts the ante 50
DIR02: posts the ante 50
SD ANDRE: posts the ante 50
Fisharley: posts the ante 50
gyzik84: posts the ante 50
faelmichelman33: posts small blind 200
Mr Meykes: posts big blind 400
*** HOLE CARDS ***
Dealt to Gabrielfs13 [Ac 9s]
DIR02: folds 
SD ANDRE: folds 
Fisharley: folds 
gyzik84: folds 
Gabrielfs13: raises 4306 to 4706 and is all-in
faelmichelman33: folds 
Mr Meykes: folds 
Uncalled bet (4306) returned to Gabrielfs13
Gabrielfs13 collected 1350 from pot
Gabrielfs13: doesn't show hand 
*** SUMMARY ***
Total pot 1350 | Rake 0 
Seat 1: Gabrielfs13 (button) collected (1350)
Seat 2: faelmichelman33 (small blind) folded before Flop
Seat 3: Mr Meykes (big blind) folded before Flop
Seat 4: DIR02 folded before Flop (didn't bet)
Seat 6: SD ANDRE folded before Flop (didn't bet)
Seat 7: Fisharley folded before Flop (didn't bet)
Seat 8: gyzik84 folded before Flop (didn't bet)



PokerStars Hand #256958719032: Tournament #3908027353, $4.80+$5.00+$1.20 USD Hold'em No Limit - Level XIII (250/500) - 2025/07/15 15:22:33 BRT [2025/07/15 14:22:33 ET]
Table '3908027353 54' 8-max Seat #2 is the button
Seat 1: Gabrielfs13 (5656 in chips, $8.75 bounty) 
Seat 2: faelmichelman33 (7205 in chips, $5 bounty) 
Seat 3: Mr Meykes (1746 in chips, $5 bounty) 
Seat 4: DIR02 (10530 in chips, $7.50 bounty) 
Seat 5: Szabimester (19484 in chips, $22.50 bounty) 
Seat 6: SD ANDRE (8270 in chips, $7.50 bounty) 
Seat 7: Fisharley (23658 in chips, $10 bounty) 
Seat 8: gyzik84 (11825 in chips, $7.50 bounty) 
Gabrielfs13: posts the ante 65
faelmichelman33: posts the ante 65
Mr Meykes: posts the ante 65
DIR02: posts the ante 65
Szabimester: posts the ante 65
SD ANDRE: posts the ante 65
Fisharley: posts the ante 65
gyzik84: posts the ante 65
Mr Meykes: posts small blind 250
DIR02: posts big blind 500
*** HOLE CARDS ***
Dealt to Gabrielfs13 [Th 2c]
Szabimester: folds 
SD ANDRE: folds 
Fisharley: folds 
gyzik84: raises 600 to 1100
Gabrielfs13: folds 
faelmichelman33: folds 
Mr Meykes: raises 581 to 1681 and is all-in
DIR02: calls 1181
gyzik84: calls 581
*** FLOP *** [8h 9h 4s]
DIR02: checks 
gyzik84: bets 3060
DIR02: folds 
Uncalled bet (3060) returned to gyzik84
*** TURN *** [8h 9h 4s] [3c]
*** RIVER *** [8h 9h 4s 3c] [Td]
*** SHOW DOWN ***
Mr Meykes: shows [Kc 9c] (a pair of Nines)
gyzik84: shows [Ah Ad] (a pair of Aces)
gyzik84 collected 5563 from pot
gyzik84 wins $2.50 for eliminating Mr Meykes and their own bounty increases by $2.50 to $10
Mr Meykes finished the tournament in 273rd place
*** SUMMARY ***
Total pot 5563 | Rake 0 
Board [8h 9h 4s 3c Td]
Seat 1: Gabrielfs13 folded before Flop (didn't bet)
Seat 2: faelmichelman33 (button) folded before Flop (didn't bet)
Seat 3: Mr Meykes (small blind) showed [Kc 9c] and lost with a pair of Nines
Seat 4: DIR02 (big blind) folded on the Flop
Seat 5: Szabimester folded before Flop (didn't bet)
Seat 6: SD ANDRE folded before Flop (didn't bet)
Seat 7: Fisharley folded before Flop (didn't bet)
Seat 8: gyzik84 showed [Ah Ad] and won (5563) with a pair of Aces



PokerStars Hand #256958734785: Tournament #3908027353, $4.80+$5.00+$1.20 USD Hold'em No Limit - Level XIII (250/500) - 2025/07/15 15:23:33 BRT [2025/07/15 14:23:33 ET]
Table '3908027353 53' 8-max Seat #8 is the button
Seat 1: TThe Duchess (7781 in chips, $5 bounty) 
Seat 2: Zugolaro (9315 in chips, $5 bounty) 
Seat 3: Cleiton V. (4287 in chips, $7.50 bounty) 
Seat 5: Pachekowski (27331 in chips, $15 bounty) 
Seat 6: Gabrielfs13 (5591 in chips, $8.75 bounty) 
Seat 7: Drjacks1428 (13317 in chips, $10 bounty) 
Seat 8: sluizg (5133 in chips, $5 bounty) 
TThe Duchess: posts the ante 65
Zugolaro: posts the ante 65
Cleiton V.: posts the ante 65
Pachekowski: posts the ante 65
Gabrielfs13: posts the ante 65
Drjacks1428: posts the ante 65
sluizg: posts the ante 65
TThe Duchess: posts small blind 250
Zugolaro: posts big blind 500
*** HOLE CARDS ***
Dealt to Gabrielfs13 [3s 7d]
Cleiton V.: raises 3722 to 4222 and is all-in
Pachekowski: folds 
Gabrielfs13: folds 
Drjacks1428: folds 
bruno mart23 is disconnected 
sluizg: raises 846 to 5068 and is all-in
TThe Duchess: folds 
Zugolaro: folds 
Uncalled bet (846) returned to sluizg
*** FLOP *** [Th 3c Qh]
*** TURN *** [Th 3c Qh] [8s]
*** RIVER *** [Th 3c Qh 8s] [9d]
*** SHOW DOWN ***
Cleiton V.: shows [Ts Ac] (a pair of Tens)
sluizg: shows [Qd Ks] (a pair of Queens)
sluizg collected 9649 from pot
sluizg wins $3.75 for eliminating Cleiton V. and their own bounty increases by $3.75 to $8.75
Cleiton V. finished the tournament in 262nd place
*** SUMMARY ***
Total pot 9649 | Rake 0 
Board [Th 3c Qh 8s 9d]
Seat 1: TThe Duchess (small blind) folded before Flop
Seat 2: Zugolaro (big blind) folded before Flop
Seat 3: Cleiton V. showed [Ts Ac] and lost with a pair of Tens
Seat 5: Pachekowski folded before Flop (didn't bet)
Seat 6: Gabrielfs13 folded before Flop (didn't bet)
Seat 7: Drjacks1428 folded before Flop (didn't bet)
Seat 8: sluizg (button) showed [Qd Ks] and won (9649) with a pair of Queens



PokerStars Hand #256958747798: Tournament #3908027353, $4.80+$5.00+$1.20 USD Hold'em No Limit - Level XIII (250/500) - 2025/07/15 15:24:24 BRT [2025/07/15 14:24:24 ET]
Table '3908027353 53' 8-max Seat #1 is the button
Seat 1: TThe Duchess (7466 in chips, $5 bounty) 
Seat 2: Zugolaro (8750 in chips, $5 bounty) 
Seat 4: bruno mart23 (29062 in chips, $7.50 bounty) 
Seat 5: Pachekowski (27266 in chips, $15 bounty) 
Seat 6: Gabrielfs13 (5526 in chips, $8.75 bounty) 
Seat 7: Drjacks1428 (13252 in chips, $10 bounty) 
Seat 8: sluizg (10495 in chips, $8.75 bounty) 
TThe Duchess: posts the ante 65
Zugolaro: posts the ante 65
bruno mart23: posts the ante 65
Pachekowski: posts the ante 65
Gabrielfs13: posts the ante 65
Drjacks1428: posts the ante 65
sluizg: posts the ante 65
Zugolaro: posts small blind 250
bruno mart23: posts big blind 500
*** HOLE CARDS ***
Dealt to Gabrielfs13 [7d Jd]
Pachekowski: folds 
Gabrielfs13: folds 
Drjacks1428: raises 500 to 1000
sluizg: folds 
CrazyRachles is disconnected 
TThe Duchess: folds 
Zugolaro: folds 
bruno mart23: calls 500
*** FLOP *** [8h Kc 4h]
bruno mart23: checks 
Drjacks1428: bets 893
bruno mart23: folds 
Uncalled bet (893) returned to Drjacks1428
Drjacks1428 collected 2705 from pot
Drjacks1428: doesn't show hand 
*** SUMMARY ***
Total pot 2705 | Rake 0 
Board [8h Kc 4h]
Seat 1: TThe Duchess (button) folded before Flop (didn't bet)
Seat 2: Zugolaro (small blind) folded before Flop
Seat 4: bruno mart23 (big blind) folded on the Flop
Seat 5: Pachekowski folded before Flop (didn't bet)
Seat 6: Gabrielfs13 folded before Flop (didn't bet)
Seat 7: Drjacks1428 collected (2705)
Seat 8: sluizg folded before Flop (didn't bet)



PokerStars Hand #256958763505: Tournament #3908027353, $4.80+$5.00+$1.20 USD Hold'em No Limit - Level XIII (250/500) - 2025/07/15 15:25:26 BRT [2025/07/15 14:25:26 ET]
Table '3908027353 53' 8-max Seat #2 is the button
Seat 1: TThe Duchess (7401 in chips, $5 bounty) 
Seat 2: Zugolaro (8435 in chips, $5 bounty) 
Seat 3: CrazyRachles (36102 in chips) out of hand (moved from another table into small blind)
Seat 4: bruno mart23 (27997 in chips, $7.50 bounty) 
Seat 5: Pachekowski (27201 in chips, $15 bounty) 
Seat 6: Gabrielfs13 (5461 in chips, $8.75 bounty) 
Seat 8: sluizg (10430 in chips, $8.75 bounty) 
CrazyRachles will be allowed to play after the button
TThe Duchess: posts the ante 65
Zugolaro: posts the ante 65
bruno mart23: posts the ante 65
Pachekowski: posts the ante 65
Gabrielfs13: posts the ante 65
sluizg: posts the ante 65
bruno mart23: posts small blind 250
Pachekowski: posts big blind 500
*** HOLE CARDS ***
Dealt to Gabrielfs13 [3c 8d]
Gabrielfs13: folds 
sluizg: folds 
TThe Duchess: folds 
Zugolaro: folds 
MBARRIOS01 is disconnected 
bruno mart23: folds 
Uncalled bet (250) returned to Pachekowski
Pachekowski collected 890 from pot
*** SUMMARY ***
Total pot 890 | Rake 0 
Seat 1: TThe Duchess folded before Flop (didn't bet)
Seat 2: Zugolaro (button) folded before Flop (didn't bet)
Seat 4: bruno mart23 (small blind) folded before Flop
Seat 5: Pachekowski (big blind) collected (890)
Seat 6: Gabrielfs13 folded before Flop (didn't bet)
Seat 8: sluizg folded before Flop (didn't bet)



PokerStars Hand #256958772685: Tournament #3908027353, $4.80+$5.00+$1.20 USD Hold'em No Limit - Level XIII (250/500) - 2025/07/15 15:26:03 BRT [2025/07/15 14:26:03 ET]
Table '3908027353 53' 8-max Seat #4 is the button
Seat 1: TThe Duchess (7336 in chips, $5 bounty) 
Seat 2: Zugolaro (8370 in chips, $5 bounty) 
Seat 3: CrazyRachles (36102 in chips, $10 bounty) 
Seat 4: bruno mart23 (27682 in chips, $7.50 bounty) 
Seat 5: Pachekowski (27776 in chips, $15 bounty) 
Seat 6: Gabrielfs13 (5396 in chips, $8.75 bounty) 
Seat 7: MBARRIOS01 (34839 in chips, $20 bounty) 
Seat 8: sluizg (10365 in chips, $8.75 bounty) 
TThe Duchess: posts the ante 65
Zugolaro: posts the ante 65
CrazyRachles: posts the ante 65
bruno mart23: posts the ante 65
Pachekowski: posts the ante 65
Gabrielfs13: posts the ante 65
MBARRIOS01: posts the ante 65
sluizg: posts the ante 65
Pachekowski: posts small blind 250
Gabrielfs13: posts big blind 500
*** HOLE CARDS ***
Dealt to Gabrielfs13 [4c 6c]
MBARRIOS01: folds 
sluizg: folds 
TThe Duchess: folds 
Zugolaro: folds 
CrazyRachles: raises 550 to 1050
bruno mart23: folds 
Pachekowski: folds 
Gabrielfs13: calls 550
*** FLOP *** [4h Kc 7d]
Gabrielfs13: checks 
CrazyRachles: checks 
*** TURN *** [4h Kc 7d] [Jh]
Gabrielfs13: checks 
CrazyRachles: checks 
*** RIVER *** [4h Kc 7d Jh] [As]
Gabrielfs13: checks 
CrazyRachles: bets 34987 and is all-in
Gabrielfs13: folds 
Uncalled bet (34987) returned to CrazyRachles
CrazyRachles collected 2870 from pot
CrazyRachles: doesn't show hand 
*** SUMMARY ***
Total pot 2870 | Rake 0 
Board [4h Kc 7d Jh As]
Seat 1: TThe Duchess folded before Flop (didn't bet)
Seat 2: Zugolaro folded before Flop (didn't bet)
Seat 3: CrazyRachles collected (2870)
Seat 4: bruno mart23 (button) folded before Flop (didn't bet)
Seat 5: Pachekowski (small blind) folded before Flop
Seat 6: Gabrielfs13 (big blind) folded on the River
Seat 7: MBARRIOS01 folded before Flop (didn't bet)
Seat 8: sluizg folded before Flop (didn't bet)



PokerStars Hand #256958792238: Tournament #3908027353, $4.80+$5.00+$1.20 USD Hold'em No Limit - Level XIV (300/600) - 2025/07/15 15:27:25 BRT [2025/07/15 14:27:25 ET]
Table '3908027353 53' 8-max Seat #5 is the button
Seat 1: TThe Duchess (7271 in chips, $5 bounty) 
Seat 2: Zugolaro (8305 in chips, $5 bounty) 
Seat 3: CrazyRachles (37857 in chips, $10 bounty) 
Seat 4: bruno mart23 (27617 in chips, $7.50 bounty) 
Seat 5: Pachekowski (27461 in chips, $15 bounty) 
Seat 6: Gabrielfs13 (4281 in chips, $8.75 bounty) 
Seat 7: MBARRIOS01 (34774 in chips, $20 bounty) 
Seat 8: sluizg (10300 in chips, $8.75 bounty) 
TThe Duchess: posts the ante 75
Zugolaro: posts the ante 75
CrazyRachles: posts the ante 75
bruno mart23: posts the ante 75
Pachekowski: posts the ante 75
Gabrielfs13: posts the ante 75
MBARRIOS01: posts the ante 75
sluizg: posts the ante 75
Gabrielfs13: posts small blind 300
MBARRIOS01: posts big blind 600
*** HOLE CARDS ***
Dealt to Gabrielfs13 [9d 6d]
sluizg: folds 
TThe Duchess: folds 
Zugolaro: folds 
CrazyRachles: folds 
bruno mart23: folds 
Pachekowski: folds 
Gabrielfs13: raises 3606 to 4206 and is all-in
MBARRIOS01: calls 3606
*** FLOP *** [Qc 7d Kd]
*** TURN *** [Qc 7d Kd] [Qh]
*** RIVER *** [Qc 7d Kd Qh] [As]
*** SHOW DOWN ***
Gabrielfs13: shows [9d 6d] (a pair of Queens)
MBARRIOS01: shows [Th 4h] (a pair of Queens - Ace+King+Ten kicker)
MBARRIOS01 collected 9012 from pot
MBARRIOS01 wins $4.38 for eliminating Gabrielfs13 and their own bounty increases by $4.37 to $24.37
Gabrielfs13 finished the tournament in 224th place
*** SUMMARY ***
Total pot 9012 | Rake 0 
Board [Qc 7d Kd Qh As]
Seat 1: TThe Duchess folded before Flop (didn't bet)
Seat 2: Zugolaro folded before Flop (didn't bet)
Seat 3: CrazyRachles folded before Flop (didn't bet)
Seat 4: bruno mart23 folded before Flop (didn't bet)
Seat 5: Pachekowski (button) folded before Flop (didn't bet)
Seat 6: Gabrielfs13 (small blind) showed [9d 6d] and lost with a pair of Queens
Seat 7: MBARRIOS01 (big blind) showed [Th 4h] and won (9012) with a pair of Queens
Seat 8: sluizg folded before Flop (didn't bet)



