PokerStars Hand #257020606965: Tournament #3908026922, $12.30+$12.25+$2.45 USD Hold'em No Limit - Level V (60/120) - 2025/07/20 12:50:34 BRT [2025/07/20 11:50:34 ET]
Table '3908026922 4' 8-max Seat #3 is the button
Seat 1: daz2007 (12235 in chips, $12.25 bounty) 
Seat 2: erikh67 (10838 in chips, $12.25 bounty) 
Seat 3: Rapa velhos (10906 in chips, $12.25 bounty) 
Seat 4: thestramash (18099 in chips, $12.25 bounty) 
Seat 5: mertholstar (7665 in chips, $12.25 bounty) 
Seat 6: Gabrielfs13 (10000 in chips, $12.25 bounty) 
Seat 7: fixgear (12024 in chips, $18.37 bounty) 
Seat 8: owlie45 (7253 in chips, $12.25 bounty) 
daz2007: posts the ante 16
erikh67: posts the ante 16
Rapa velhos: posts the ante 16
thestramash: posts the ante 16
mertholstar: posts the ante 16
Gabrielfs13: posts the ante 16
fixgear: posts the ante 16
owlie45: posts the ante 16
thestramash: posts small blind 60
mertholstar: posts big blind 120
*** HOLE CARDS ***
Dealt to Gabrielfs13 [Qh 6d]
Gabrielfs13: folds 
fixgear: folds 
owlie45: folds 
daz2007: raises 120 to 240
erikh67: calls 240
Rapa velhos: folds 
thestramash: folds 
mertholstar: calls 120
*** FLOP *** [2c As 5h]
mertholstar: checks 
daz2007: checks 
erikh67: bets 908
mertholstar: folds 
daz2007: folds 
Uncalled bet (908) returned to erikh67
erikh67 collected 908 from pot
erikh67: doesn't show hand 
*** SUMMARY ***
Total pot 908 | Rake 0 
Board [2c As 5h]
Seat 1: daz2007 folded on the Flop
Seat 2: erikh67 collected (908)
Seat 3: Rapa velhos (button) folded before Flop (didn't bet)
Seat 4: thestramash (small blind) folded before Flop
Seat 5: mertholstar (big blind) folded on the Flop
Seat 6: Gabrielfs13 folded before Flop (didn't bet)
Seat 7: fixgear folded before Flop (didn't bet)
Seat 8: owlie45 folded before Flop (didn't bet)



PokerStars Hand #257020618448: Tournament #3908026922, $12.30+$12.25+$2.45 USD Hold'em No Limit - Level V (60/120) - 2025/07/20 12:51:26 BRT [2025/07/20 11:51:26 ET]
Table '3908026922 4' 8-max Seat #4 is the button
Seat 1: daz2007 (11979 in chips, $12.25 bounty) 
Seat 2: erikh67 (11490 in chips, $12.25 bounty) 
Seat 3: Rapa velhos (10890 in chips, $12.25 bounty) 
Seat 4: thestramash (18023 in chips, $12.25 bounty) 
Seat 5: mertholstar (7409 in chips, $12.25 bounty) 
Seat 6: Gabrielfs13 (9984 in chips, $12.25 bounty) 
Seat 7: fixgear (12008 in chips, $18.37 bounty) 
Seat 8: owlie45 (7237 in chips, $12.25 bounty) 
daz2007: posts the ante 16
erikh67: posts the ante 16
Rapa velhos: posts the ante 16
thestramash: posts the ante 16
mertholstar: posts the ante 16
Gabrielfs13: posts the ante 16
fixgear: posts the ante 16
owlie45: posts the ante 16
mertholstar: posts small blind 60
Gabrielfs13: posts big blind 120
*** HOLE CARDS ***
Dealt to Gabrielfs13 [2s 4s]
fixgear: folds 
owlie45: folds 
daz2007: raises 120 to 240
erikh67: calls 240
Rapa velhos: folds 
thestramash: calls 240
mertholstar: folds 
Gabrielfs13: calls 120
*** FLOP *** [4d Js 7c]
Gabrielfs13: checks 
daz2007: checks 
erikh67: bets 1148
thestramash: folds 
Gabrielfs13: calls 1148
daz2007: folds 
*** TURN *** [4d Js 7c] [3c]
Gabrielfs13: checks 
erikh67: bets 1722
Gabrielfs13: folds 
Uncalled bet (1722) returned to erikh67
erikh67 collected 3444 from pot
erikh67: doesn't show hand 
*** SUMMARY ***
Total pot 3444 | Rake 0 
Board [4d Js 7c 3c]
Seat 1: daz2007 folded on the Flop
Seat 2: erikh67 collected (3444)
Seat 3: Rapa velhos folded before Flop (didn't bet)
Seat 4: thestramash (button) folded on the Flop
Seat 5: mertholstar (small blind) folded before Flop
Seat 6: Gabrielfs13 (big blind) folded on the Turn
Seat 7: fixgear folded before Flop (didn't bet)
Seat 8: owlie45 folded before Flop (didn't bet)



PokerStars Hand #257020637698: Tournament #3908026922, $12.30+$12.25+$2.45 USD Hold'em No Limit - Level V (60/120) - 2025/07/20 12:52:54 BRT [2025/07/20 11:52:54 ET]
Table '3908026922 4' 8-max Seat #5 is the button
Seat 1: daz2007 (11723 in chips, $12.25 bounty) 
Seat 2: erikh67 (13530 in chips, $12.25 bounty) 
Seat 3: Rapa velhos (10874 in chips, $12.25 bounty) 
Seat 4: thestramash (17767 in chips, $12.25 bounty) 
Seat 5: mertholstar (7333 in chips, $12.25 bounty) 
Seat 6: Gabrielfs13 (8580 in chips, $12.25 bounty) 
Seat 7: fixgear (11992 in chips, $18.37 bounty) 
Seat 8: owlie45 (7221 in chips, $12.25 bounty) 
daz2007: posts the ante 16
erikh67: posts the ante 16
Rapa velhos: posts the ante 16
thestramash: posts the ante 16
mertholstar: posts the ante 16
Gabrielfs13: posts the ante 16
fixgear: posts the ante 16
owlie45: posts the ante 16
Gabrielfs13: posts small blind 60
fixgear: posts big blind 120
*** HOLE CARDS ***
Dealt to Gabrielfs13 [2d 4h]
owlie45: folds 
daz2007: folds 
erikh67: folds 
Rapa velhos: folds 
thestramash: folds 
mertholstar: folds 
Gabrielfs13: raises 300 to 420
fixgear: calls 300
*** FLOP *** [Qc Kd 8h]
Gabrielfs13: checks 
fixgear: bets 364
Gabrielfs13: raises 848 to 1212
fixgear: folds 
Uncalled bet (848) returned to Gabrielfs13
Gabrielfs13 collected 1696 from pot
Gabrielfs13: doesn't show hand 
*** SUMMARY ***
Total pot 1696 | Rake 0 
Board [Qc Kd 8h]
Seat 1: daz2007 folded before Flop (didn't bet)
Seat 2: erikh67 folded before Flop (didn't bet)
Seat 3: Rapa velhos folded before Flop (didn't bet)
Seat 4: thestramash folded before Flop (didn't bet)
Seat 5: mertholstar (button) folded before Flop (didn't bet)
Seat 6: Gabrielfs13 (small blind) collected (1696)
Seat 7: fixgear (big blind) folded on the Flop
Seat 8: owlie45 folded before Flop (didn't bet)



PokerStars Hand #257020651061: Tournament #3908026922, $12.30+$12.25+$2.45 USD Hold'em No Limit - Level V (60/120) - 2025/07/20 12:53:55 BRT [2025/07/20 11:53:55 ET]
Table '3908026922 4' 8-max Seat #6 is the button
Seat 1: daz2007 (11707 in chips, $12.25 bounty) 
Seat 2: erikh67 (13514 in chips, $12.25 bounty) 
Seat 3: Rapa velhos (10858 in chips, $12.25 bounty) 
Seat 4: thestramash (17751 in chips, $12.25 bounty) 
Seat 5: mertholstar (7317 in chips, $12.25 bounty) 
Seat 6: Gabrielfs13 (9476 in chips, $12.25 bounty) 
Seat 7: fixgear (11192 in chips, $18.37 bounty) 
Seat 8: owlie45 (7205 in chips, $12.25 bounty) 
daz2007: posts the ante 16
erikh67: posts the ante 16
Rapa velhos: posts the ante 16
thestramash: posts the ante 16
mertholstar: posts the ante 16
Gabrielfs13: posts the ante 16
fixgear: posts the ante 16
owlie45: posts the ante 16
fixgear: posts small blind 60
owlie45: posts big blind 120
*** HOLE CARDS ***
Dealt to Gabrielfs13 [5c 3s]
daz2007: raises 120 to 240
erikh67: folds 
Rapa velhos: folds 
thestramash: folds 
mertholstar: folds 
Gabrielfs13: folds 
fixgear: folds 
owlie45: raises 720 to 960
daz2007: raises 10731 to 11691 and is all-in
owlie45: calls 6229 and is all-in
Uncalled bet (4502) returned to daz2007
*** FLOP *** [Jh 8d 5h]
*** TURN *** [Jh 8d 5h] [5s]
*** RIVER *** [Jh 8d 5h 5s] [2s]
*** SHOW DOWN ***
owlie45: shows [Ac Ad] (two pair, Aces and Fives)
daz2007: shows [As Ks] (a pair of Fives)
owlie45 collected 14566 from pot
*** SUMMARY ***
Total pot 14566 | Rake 0 
Board [Jh 8d 5h 5s 2s]
Seat 1: daz2007 showed [As Ks] and lost with a pair of Fives
Seat 2: erikh67 folded before Flop (didn't bet)
Seat 3: Rapa velhos folded before Flop (didn't bet)
Seat 4: thestramash folded before Flop (didn't bet)
Seat 5: mertholstar folded before Flop (didn't bet)
Seat 6: Gabrielfs13 (button) folded before Flop (didn't bet)
Seat 7: fixgear (small blind) folded before Flop
Seat 8: owlie45 (big blind) showed [Ac Ad] and won (14566) with two pair, Aces and Fives



PokerStars Hand #257020661316: Tournament #3908026922, $12.30+$12.25+$2.45 USD Hold'em No Limit - Level V (60/120) - 2025/07/20 12:54:42 BRT [2025/07/20 11:54:42 ET]
Table '3908026922 4' 8-max Seat #7 is the button
Seat 1: daz2007 (4502 in chips, $12.25 bounty) 
Seat 2: erikh67 (13498 in chips, $12.25 bounty) 
Seat 3: Rapa velhos (10842 in chips, $12.25 bounty) 
Seat 4: thestramash (17735 in chips, $12.25 bounty) 
Seat 5: mertholstar (7301 in chips, $12.25 bounty) 
Seat 6: Gabrielfs13 (9460 in chips, $12.25 bounty) 
Seat 7: fixgear (11116 in chips, $18.37 bounty) 
Seat 8: owlie45 (14566 in chips, $12.25 bounty) 
daz2007: posts the ante 16
erikh67: posts the ante 16
Rapa velhos: posts the ante 16
thestramash: posts the ante 16
mertholstar: posts the ante 16
Gabrielfs13: posts the ante 16
fixgear: posts the ante 16
owlie45: posts the ante 16
owlie45: posts small blind 60
daz2007: posts big blind 120
*** HOLE CARDS ***
Dealt to Gabrielfs13 [3c Qd]
erikh67: folds 
Rapa velhos: folds 
thestramash: folds 
mertholstar: raises 120 to 240
Gabrielfs13: folds 
fixgear: folds 
owlie45: folds 
daz2007: raises 4246 to 4486 and is all-in
mertholstar: calls 4246
*** FLOP *** [As Qs 9d]
*** TURN *** [As Qs 9d] [7s]
*** RIVER *** [As Qs 9d 7s] [6s]
*** SHOW DOWN ***
daz2007: shows [Kc Ac] (a pair of Aces)
mertholstar: shows [Ks Ad] (a flush, Ace high)
mertholstar collected 9160 from pot
mertholstar wins $6.13 for eliminating daz2007 and their own bounty increases by $6.12 to $18.37
daz2007 finished the tournament
*** SUMMARY ***
Total pot 9160 | Rake 0 
Board [As Qs 9d 7s 6s]
Seat 1: daz2007 (big blind) showed [Kc Ac] and lost with a pair of Aces
Seat 2: erikh67 folded before Flop (didn't bet)
Seat 3: Rapa velhos folded before Flop (didn't bet)
Seat 4: thestramash folded before Flop (didn't bet)
Seat 5: mertholstar showed [Ks Ad] and won (9160) with a flush, Ace high
Seat 6: Gabrielfs13 folded before Flop (didn't bet)
Seat 7: fixgear (button) folded before Flop (didn't bet)
Seat 8: owlie45 (small blind) folded before Flop



PokerStars Hand #257021236575: Tournament #3908026922, $12.30+$12.25+$2.45 USD Hold'em No Limit - Level V (60/120) - 2025/07/20 13:02:40 BRT [2025/07/20 12:02:40 ET]
Table '3908026922 4' 8-max Seat #8 is the button
Seat 1: R.parreira08 (10000 in chips) out of hand (moved from another table into small blind)
Seat 2: Narlitoo (10000 in chips) out of hand (moved from another table into small blind)
Seat 3: Rapa velhos (10826 in chips, $12.25 bounty) 
Seat 4: thestramash (17719 in chips, $12.25 bounty) 
Seat 5: mertholstar (11959 in chips, $18.37 bounty) 
Seat 6: Gabrielfs13 (9444 in chips, $12.25 bounty) 
Seat 7: fixgear (11100 in chips, $18.37 bounty) 
Seat 8: owlie45 (14490 in chips, $12.25 bounty) 
R.parreira08 will be allowed to play after the button
Narlitoo will be allowed to play after the button
Rapa velhos: posts the ante 16
thestramash: posts the ante 16
mertholstar: posts the ante 16
Gabrielfs13: posts the ante 16
fixgear: posts the ante 16
owlie45: posts the ante 16
Rapa velhos: posts small blind 60
thestramash: posts big blind 120
*** HOLE CARDS ***
Dealt to Gabrielfs13 [Th Ts]
mertholstar: folds 
Gabrielfs13: raises 120 to 240
fixgear: folds 
owlie45: calls 240
Rapa velhos: folds 
thestramash: calls 120
*** FLOP *** [7c 3c 9c]
thestramash: checks 
Gabrielfs13: bets 438
owlie45: calls 438
thestramash: folds 
*** TURN *** [7c 3c 9c] [2s]
Gabrielfs13: bets 1200
owlie45: folds 
Uncalled bet (1200) returned to Gabrielfs13
Gabrielfs13 collected 1752 from pot
Gabrielfs13: doesn't show hand 
*** SUMMARY ***
Total pot 1752 | Rake 0 
Board [7c 3c 9c 2s]
Seat 3: Rapa velhos (small blind) folded before Flop
Seat 4: thestramash (big blind) folded on the Flop
Seat 5: mertholstar folded before Flop (didn't bet)
Seat 6: Gabrielfs13 collected (1752)
Seat 7: fixgear folded before Flop (didn't bet)
Seat 8: owlie45 (button) folded on the Turn



PokerStars Hand #257021253177: Tournament #3908026922, $12.30+$12.25+$2.45 USD Hold'em No Limit - Level V (60/120) - 2025/07/20 13:03:55 BRT [2025/07/20 12:03:55 ET]
Table '3908026922 4' 8-max Seat #3 is the button
Seat 1: R.parreira08 (10000 in chips, $12.25 bounty) 
Seat 2: Narlitoo (10000 in chips, $12.25 bounty) 
Seat 3: Rapa velhos (10750 in chips, $12.25 bounty) 
Seat 4: thestramash (17463 in chips, $12.25 bounty) 
Seat 5: mertholstar (11943 in chips, $18.37 bounty) 
Seat 6: Gabrielfs13 (10502 in chips, $12.25 bounty) 
Seat 7: fixgear (11084 in chips, $18.37 bounty) 
Seat 8: owlie45 (13796 in chips, $12.25 bounty) 
R.parreira08: posts the ante 16
Narlitoo: posts the ante 16
Rapa velhos: posts the ante 16
thestramash: posts the ante 16
mertholstar: posts the ante 16
Gabrielfs13: posts the ante 16
fixgear: posts the ante 16
owlie45: posts the ante 16
thestramash: posts small blind 60
mertholstar: posts big blind 120
*** HOLE CARDS ***
Dealt to Gabrielfs13 [8c 7d]
Gabrielfs13: folds 
fixgear: raises 144 to 264
owlie45: folds 
R.parreira08: folds 
Narlitoo: folds 
Rapa velhos: raises 516 to 780
thestramash: folds 
mertholstar: folds 
fixgear: calls 516
*** FLOP *** [Qd Ts 4c]
fixgear: checks 
Rapa velhos: bets 480
fixgear: calls 480
*** TURN *** [Qd Ts 4c] [4h]
fixgear: checks 
Rapa velhos: bets 1866
fixgear: folds 
Uncalled bet (1866) returned to Rapa velhos
Rapa velhos collected 2828 from pot
Rapa velhos: doesn't show hand 
*** SUMMARY ***
Total pot 2828 | Rake 0 
Board [Qd Ts 4c 4h]
Seat 1: R.parreira08 folded before Flop (didn't bet)
Seat 2: Narlitoo folded before Flop (didn't bet)
Seat 3: Rapa velhos (button) collected (2828)
Seat 4: thestramash (small blind) folded before Flop
Seat 5: mertholstar (big blind) folded before Flop
Seat 6: Gabrielfs13 folded before Flop (didn't bet)
Seat 7: fixgear folded on the Turn
Seat 8: owlie45 folded before Flop (didn't bet)



PokerStars Hand #257021282035: Tournament #3908026922, $12.30+$12.25+$2.45 USD Hold'em No Limit - Level V (60/120) - 2025/07/20 13:06:05 BRT [2025/07/20 12:06:05 ET]
Table '3908026922 4' 8-max Seat #4 is the button
Seat 1: R.parreira08 (9984 in chips, $12.25 bounty) 
Seat 2: Narlitoo (9984 in chips, $12.25 bounty) 
Seat 3: Rapa velhos (12302 in chips, $12.25 bounty) 
Seat 4: thestramash (17387 in chips, $12.25 bounty) 
Seat 5: mertholstar (11807 in chips, $18.37 bounty) 
Seat 6: Gabrielfs13 (10486 in chips, $12.25 bounty) 
Seat 7: fixgear (9808 in chips, $18.37 bounty) 
Seat 8: owlie45 (13780 in chips, $12.25 bounty) 
R.parreira08: posts the ante 16
Narlitoo: posts the ante 16
Rapa velhos: posts the ante 16
thestramash: posts the ante 16
mertholstar: posts the ante 16
Gabrielfs13: posts the ante 16
fixgear: posts the ante 16
owlie45: posts the ante 16
mertholstar: posts small blind 60
Gabrielfs13: posts big blind 120
*** HOLE CARDS ***
Dealt to Gabrielfs13 [2h 5s]
fixgear: folds 
owlie45: folds 
R.parreira08: folds 
Narlitoo: raises 120 to 240
Rapa velhos: folds 
thestramash: folds 
mertholstar: folds 
Gabrielfs13: folds 
Uncalled bet (120) returned to Narlitoo
Narlitoo collected 428 from pot
*** SUMMARY ***
Total pot 428 | Rake 0 
Seat 1: R.parreira08 folded before Flop (didn't bet)
Seat 2: Narlitoo collected (428)
Seat 3: Rapa velhos folded before Flop (didn't bet)
Seat 4: thestramash (button) folded before Flop (didn't bet)
Seat 5: mertholstar (small blind) folded before Flop
Seat 6: Gabrielfs13 (big blind) folded before Flop
Seat 7: fixgear folded before Flop (didn't bet)
Seat 8: owlie45 folded before Flop (didn't bet)



PokerStars Hand #257021292566: Tournament #3908026922, $12.30+$12.25+$2.45 USD Hold'em No Limit - Level V (60/120) - 2025/07/20 13:06:52 BRT [2025/07/20 12:06:52 ET]
Table '3908026922 4' 8-max Seat #5 is the button
Seat 1: R.parreira08 (9968 in chips, $12.25 bounty) 
Seat 2: Narlitoo (10276 in chips, $12.25 bounty) 
Seat 3: Rapa velhos (12286 in chips, $12.25 bounty) 
Seat 4: thestramash (17371 in chips, $12.25 bounty) 
Seat 5: mertholstar (11731 in chips, $18.37 bounty) 
Seat 6: Gabrielfs13 (10350 in chips, $12.25 bounty) 
Seat 8: owlie45 (13764 in chips, $12.25 bounty) 
R.parreira08: posts the ante 16
Narlitoo: posts the ante 16
Rapa velhos: posts the ante 16
thestramash: posts the ante 16
mertholstar: posts the ante 16
Gabrielfs13: posts the ante 16
owlie45: posts the ante 16
Gabrielfs13: posts small blind 60
owlie45: posts big blind 120
*** HOLE CARDS ***
Dealt to Gabrielfs13 [6d 7s]
R.parreira08: folds 
TiagoY is disconnected 
Narlitoo: folds 
Rapa velhos: folds 
thestramash: raises 144 to 264
mertholstar: folds 
Gabrielfs13: folds 
owlie45: folds 
Uncalled bet (144) returned to thestramash
thestramash collected 412 from pot
thestramash: doesn't show hand 
*** SUMMARY ***
Total pot 412 | Rake 0 
Seat 1: R.parreira08 folded before Flop (didn't bet)
Seat 2: Narlitoo folded before Flop (didn't bet)
Seat 3: Rapa velhos folded before Flop (didn't bet)
Seat 4: thestramash collected (412)
Seat 5: mertholstar (button) folded before Flop (didn't bet)
Seat 6: Gabrielfs13 (small blind) folded before Flop
Seat 8: owlie45 (big blind) folded before Flop



PokerStars Hand #257021306060: Tournament #3908026922, $12.30+$12.25+$2.45 USD Hold'em No Limit - Level V (60/120) - 2025/07/20 13:07:52 BRT [2025/07/20 12:07:52 ET]
Table '3908026922 4' 8-max Seat #6 is the button
Seat 1: R.parreira08 (9952 in chips, $12.25 bounty) 
Seat 2: Narlitoo (10260 in chips, $12.25 bounty) 
Seat 3: Rapa velhos (12270 in chips, $12.25 bounty) 
Seat 4: thestramash (17647 in chips, $12.25 bounty) 
Seat 5: mertholstar (11715 in chips, $18.37 bounty) 
Seat 6: Gabrielfs13 (10274 in chips, $12.25 bounty) 
Seat 7: TiagoY (10000 in chips) out of hand (moved from another table into small blind)
Seat 8: owlie45 (13628 in chips, $12.25 bounty) 
TiagoY will be allowed to play after the button
R.parreira08: posts the ante 16
Narlitoo: posts the ante 16
Rapa velhos: posts the ante 16
thestramash: posts the ante 16
mertholstar: posts the ante 16
Gabrielfs13: posts the ante 16
owlie45: posts the ante 16
owlie45: posts small blind 60
R.parreira08: posts big blind 120
*** HOLE CARDS ***
Dealt to Gabrielfs13 [8d Ks]
Narlitoo: folds 
Rapa velhos: folds 
thestramash: folds 
mertholstar: folds 
Gabrielfs13: folds 
owlie45: calls 60
R.parreira08: checks 
*** FLOP *** [7h 3c Qc]
owlie45: bets 120
R.parreira08: calls 120
*** TURN *** [7h 3c Qc] [4c]
owlie45: checks 
R.parreira08: bets 420
owlie45: folds 
Uncalled bet (420) returned to R.parreira08
R.parreira08 collected 592 from pot
R.parreira08: doesn't show hand 
*** SUMMARY ***
Total pot 592 | Rake 0 
Board [7h 3c Qc 4c]
Seat 1: R.parreira08 (big blind) collected (592)
Seat 2: Narlitoo folded before Flop (didn't bet)
Seat 3: Rapa velhos folded before Flop (didn't bet)
Seat 4: thestramash folded before Flop (didn't bet)
Seat 5: mertholstar folded before Flop (didn't bet)
Seat 6: Gabrielfs13 (button) folded before Flop (didn't bet)
Seat 8: owlie45 (small blind) folded on the Turn



PokerStars Hand #257021320193: Tournament #3908026922, $12.30+$12.25+$2.45 USD Hold'em No Limit - Level V (60/120) - 2025/07/20 13:08:55 BRT [2025/07/20 12:08:55 ET]
Table '3908026922 4' 8-max Seat #8 is the button
Seat 1: R.parreira08 (10288 in chips, $12.25 bounty) 
Seat 2: Narlitoo (10244 in chips, $12.25 bounty) 
Seat 3: Rapa velhos (12254 in chips, $12.25 bounty) 
Seat 4: thestramash (17631 in chips, $12.25 bounty) 
Seat 5: mertholstar (11699 in chips, $18.37 bounty) 
Seat 6: Gabrielfs13 (10258 in chips, $12.25 bounty) 
Seat 7: TiagoY (10000 in chips, $12.25 bounty) 
Seat 8: owlie45 (13372 in chips, $12.25 bounty) 
R.parreira08: posts the ante 16
Narlitoo: posts the ante 16
Rapa velhos: posts the ante 16
thestramash: posts the ante 16
mertholstar: posts the ante 16
Gabrielfs13: posts the ante 16
TiagoY: posts the ante 16
owlie45: posts the ante 16
R.parreira08: posts small blind 60
Narlitoo: posts big blind 120
*** HOLE CARDS ***
Dealt to Gabrielfs13 [2c Th]
Rapa velhos: folds 
thestramash: folds 
mertholstar: folds 
Gabrielfs13: folds 
TiagoY: raises 120 to 240
owlie45: folds 
R.parreira08: calls 180
Narlitoo: folds 
*** FLOP *** [Tc Js 6d]
R.parreira08: checks 
TiagoY: checks 
*** TURN *** [Tc Js 6d] [Ks]
R.parreira08: checks 
TiagoY: bets 420
R.parreira08: folds 
Uncalled bet (420) returned to TiagoY
TiagoY collected 728 from pot
*** SUMMARY ***
Total pot 728 | Rake 0 
Board [Tc Js 6d Ks]
Seat 1: R.parreira08 (small blind) folded on the Turn
Seat 2: Narlitoo (big blind) folded before Flop
Seat 3: Rapa velhos folded before Flop (didn't bet)
Seat 4: thestramash folded before Flop (didn't bet)
Seat 5: mertholstar folded before Flop (didn't bet)
Seat 6: Gabrielfs13 folded before Flop (didn't bet)
Seat 7: TiagoY collected (728)
Seat 8: owlie45 (button) folded before Flop (didn't bet)



PokerStars Hand #257021338043: Tournament #3908026922, $12.30+$12.25+$2.45 USD Hold'em No Limit - Level VI (80/160) - 2025/07/20 13:10:14 BRT [2025/07/20 12:10:14 ET]
Table '3908026922 4' 8-max Seat #1 is the button
Seat 1: R.parreira08 (10032 in chips, $12.25 bounty) 
Seat 2: Narlitoo (10108 in chips, $12.25 bounty) 
Seat 3: Rapa velhos (12238 in chips, $12.25 bounty) 
Seat 4: thestramash (17615 in chips, $12.25 bounty) 
Seat 5: mertholstar (11683 in chips, $18.37 bounty) 
Seat 6: Gabrielfs13 (10242 in chips, $12.25 bounty) 
Seat 7: TiagoY (10472 in chips, $12.25 bounty) 
Seat 8: owlie45 (13356 in chips, $12.25 bounty) 
R.parreira08: posts the ante 20
Narlitoo: posts the ante 20
Rapa velhos: posts the ante 20
thestramash: posts the ante 20
mertholstar: posts the ante 20
Gabrielfs13: posts the ante 20
TiagoY: posts the ante 20
owlie45: posts the ante 20
Narlitoo: posts small blind 80
Rapa velhos: posts big blind 160
*** HOLE CARDS ***
Dealt to Gabrielfs13 [Tc 2d]
thestramash: folds 
mertholstar: folds 
Gabrielfs13: folds 
TiagoY: folds 
owlie45: folds 
R.parreira08: folds 
Narlitoo: raises 480 to 640
Rapa velhos: folds 
Uncalled bet (480) returned to Narlitoo
Narlitoo collected 480 from pot
*** SUMMARY ***
Total pot 480 | Rake 0 
Seat 1: R.parreira08 (button) folded before Flop (didn't bet)
Seat 2: Narlitoo (small blind) collected (480)
Seat 3: Rapa velhos (big blind) folded before Flop
Seat 4: thestramash folded before Flop (didn't bet)
Seat 5: mertholstar folded before Flop (didn't bet)
Seat 6: Gabrielfs13 folded before Flop (didn't bet)
Seat 7: TiagoY folded before Flop (didn't bet)
Seat 8: owlie45 folded before Flop (didn't bet)



PokerStars Hand #257021345606: Tournament #3908026922, $12.30+$12.25+$2.45 USD Hold'em No Limit - Level VI (80/160) - 2025/07/20 13:10:47 BRT [2025/07/20 12:10:47 ET]
Table '3908026922 4' 8-max Seat #2 is the button
Seat 1: R.parreira08 (10012 in chips, $12.25 bounty) 
Seat 2: Narlitoo (10408 in chips, $12.25 bounty) 
Seat 3: Rapa velhos (12058 in chips, $12.25 bounty) 
Seat 4: thestramash (17595 in chips, $12.25 bounty) 
Seat 5: mertholstar (11663 in chips, $18.37 bounty) 
Seat 6: Gabrielfs13 (10222 in chips, $12.25 bounty) 
Seat 7: TiagoY (10452 in chips, $12.25 bounty) 
Seat 8: owlie45 (13336 in chips, $12.25 bounty) 
R.parreira08: posts the ante 20
Narlitoo: posts the ante 20
Rapa velhos: posts the ante 20
thestramash: posts the ante 20
mertholstar: posts the ante 20
Gabrielfs13: posts the ante 20
TiagoY: posts the ante 20
owlie45: posts the ante 20
Rapa velhos: posts small blind 80
thestramash: posts big blind 160
*** HOLE CARDS ***
Dealt to Gabrielfs13 [4s 7s]
mertholstar: folds 
Gabrielfs13: folds 
TiagoY: folds 
owlie45: raises 192 to 352
R.parreira08: folds 
Narlitoo: folds 
Rapa velhos: folds 
thestramash: calls 192
*** FLOP *** [2h 5c 4c]
thestramash: checks 
owlie45: checks 
*** TURN *** [2h 5c 4c] [Ts]
thestramash: bets 519
owlie45: calls 519
*** RIVER *** [2h 5c 4c Ts] [Jc]
thestramash: checks 
owlie45: bets 1920
thestramash: folds 
Uncalled bet (1920) returned to owlie45
owlie45 collected 1982 from pot
*** SUMMARY ***
Total pot 1982 | Rake 0 
Board [2h 5c 4c Ts Jc]
Seat 1: R.parreira08 folded before Flop (didn't bet)
Seat 2: Narlitoo (button) folded before Flop (didn't bet)
Seat 3: Rapa velhos (small blind) folded before Flop
Seat 4: thestramash (big blind) folded on the River
Seat 5: mertholstar folded before Flop (didn't bet)
Seat 6: Gabrielfs13 folded before Flop (didn't bet)
Seat 7: TiagoY folded before Flop (didn't bet)
Seat 8: owlie45 collected (1982)



PokerStars Hand #257021364510: Tournament #3908026922, $12.30+$12.25+$2.45 USD Hold'em No Limit - Level VI (80/160) - 2025/07/20 13:12:10 BRT [2025/07/20 12:12:10 ET]
Table '3908026922 4' 8-max Seat #3 is the button
Seat 1: R.parreira08 (9992 in chips, $12.25 bounty) 
Seat 2: Narlitoo (10388 in chips, $12.25 bounty) 
Seat 3: Rapa velhos (11958 in chips, $12.25 bounty) 
Seat 4: thestramash (16704 in chips, $12.25 bounty) 
Seat 5: mertholstar (11643 in chips, $18.37 bounty) 
Seat 6: Gabrielfs13 (10202 in chips, $12.25 bounty) 
Seat 7: TiagoY (10432 in chips, $12.25 bounty) 
Seat 8: owlie45 (14427 in chips, $12.25 bounty) 
R.parreira08: posts the ante 20
Narlitoo: posts the ante 20
Rapa velhos: posts the ante 20
thestramash: posts the ante 20
mertholstar: posts the ante 20
Gabrielfs13: posts the ante 20
TiagoY: posts the ante 20
owlie45: posts the ante 20
thestramash: posts small blind 80
mertholstar: posts big blind 160
*** HOLE CARDS ***
Dealt to Gabrielfs13 [3c 6h]
Gabrielfs13: folds 
TiagoY: raises 160 to 320
owlie45: folds 
R.parreira08: folds 
Narlitoo: folds 
Rapa velhos: folds 
thestramash: folds 
mertholstar: calls 160
*** FLOP *** [2d 8c Ts]
mertholstar: checks 
TiagoY: bets 290
mertholstar: calls 290
*** TURN *** [2d 8c Ts] [4s]
mertholstar: checks 
TiagoY: checks 
*** RIVER *** [2d 8c Ts 4s] [Tc]
mertholstar: checks 
TiagoY: checks 
*** SHOW DOWN ***
mertholstar: shows [Ac 9h] (a pair of Tens)
TiagoY: shows [Ah Qd] (a pair of Tens - Ace+Queen kicker)
TiagoY collected 1460 from pot
*** SUMMARY ***
Total pot 1460 | Rake 0 
Board [2d 8c Ts 4s Tc]
Seat 1: R.parreira08 folded before Flop (didn't bet)
Seat 2: Narlitoo folded before Flop (didn't bet)
Seat 3: Rapa velhos (button) folded before Flop (didn't bet)
Seat 4: thestramash (small blind) folded before Flop
Seat 5: mertholstar (big blind) showed [Ac 9h] and lost with a pair of Tens
Seat 6: Gabrielfs13 folded before Flop (didn't bet)
Seat 7: TiagoY showed [Ah Qd] and won (1460) with a pair of Tens
Seat 8: owlie45 folded before Flop (didn't bet)



PokerStars Hand #257021390047: Tournament #3908026922, $12.30+$12.25+$2.45 USD Hold'em No Limit - Level VI (80/160) - 2025/07/20 13:14:02 BRT [2025/07/20 12:14:02 ET]
Table '3908026922 4' 8-max Seat #4 is the button
Seat 1: R.parreira08 (9972 in chips, $12.25 bounty) 
Seat 2: Narlitoo (10368 in chips, $12.25 bounty) 
Seat 3: Rapa velhos (11938 in chips, $12.25 bounty) 
Seat 4: thestramash (16604 in chips, $12.25 bounty) 
Seat 5: mertholstar (11013 in chips, $18.37 bounty) 
Seat 6: Gabrielfs13 (10182 in chips, $12.25 bounty) 
Seat 7: TiagoY (11262 in chips, $12.25 bounty) 
Seat 8: owlie45 (14407 in chips, $12.25 bounty) 
R.parreira08: posts the ante 20
Narlitoo: posts the ante 20
Rapa velhos: posts the ante 20
thestramash: posts the ante 20
mertholstar: posts the ante 20
Gabrielfs13: posts the ante 20
TiagoY: posts the ante 20
owlie45: posts the ante 20
mertholstar: posts small blind 80
Gabrielfs13: posts big blind 160
*** HOLE CARDS ***
Dealt to Gabrielfs13 [8h 7s]
TiagoY: raises 160 to 320
owlie45: folds 
R.parreira08: folds 
Narlitoo: folds 
Rapa velhos: folds 
thestramash: folds 
mertholstar: folds 
Gabrielfs13: calls 160
*** FLOP *** [5d Qc Qh]
Gabrielfs13: checks 
TiagoY: bets 290
Gabrielfs13: folds 
Uncalled bet (290) returned to TiagoY
TiagoY collected 880 from pot
*** SUMMARY ***
Total pot 880 | Rake 0 
Board [5d Qc Qh]
Seat 1: R.parreira08 folded before Flop (didn't bet)
Seat 2: Narlitoo folded before Flop (didn't bet)
Seat 3: Rapa velhos folded before Flop (didn't bet)
Seat 4: thestramash (button) folded before Flop (didn't bet)
Seat 5: mertholstar (small blind) folded before Flop
Seat 6: Gabrielfs13 (big blind) folded on the Flop
Seat 7: TiagoY collected (880)
Seat 8: owlie45 folded before Flop (didn't bet)



PokerStars Hand #257021401353: Tournament #3908026922, $12.30+$12.25+$2.45 USD Hold'em No Limit - Level VI (80/160) - 2025/07/20 13:14:51 BRT [2025/07/20 12:14:51 ET]
Table '3908026922 4' 8-max Seat #5 is the button
Seat 1: R.parreira08 (9952 in chips, $12.25 bounty) 
Seat 2: Narlitoo (10348 in chips, $12.25 bounty) 
Seat 3: Rapa velhos (11918 in chips, $12.25 bounty) 
Seat 4: thestramash (16584 in chips, $12.25 bounty) 
Seat 5: mertholstar (10913 in chips, $18.37 bounty) 
Seat 6: Gabrielfs13 (9842 in chips, $12.25 bounty) 
Seat 7: TiagoY (11802 in chips, $12.25 bounty) 
Seat 8: owlie45 (14387 in chips, $12.25 bounty) 
R.parreira08: posts the ante 20
Narlitoo: posts the ante 20
Rapa velhos: posts the ante 20
thestramash: posts the ante 20
mertholstar: posts the ante 20
Gabrielfs13: posts the ante 20
TiagoY: posts the ante 20
owlie45: posts the ante 20
Gabrielfs13: posts small blind 80
TiagoY: posts big blind 160
*** HOLE CARDS ***
Dealt to Gabrielfs13 [9c 9d]
owlie45: folds 
R.parreira08: raises 160 to 320
Narlitoo: calls 320
Rapa velhos: folds 
thestramash: folds 
mertholstar: folds 
Gabrielfs13: raises 1280 to 1600
TiagoY: folds 
R.parreira08: calls 1280
Narlitoo: calls 1280
*** FLOP *** [5d Ah 8d]
Gabrielfs13: checks 
R.parreira08: checks 
Narlitoo: checks 
*** TURN *** [5d Ah 8d] [As]
Gabrielfs13: checks 
R.parreira08: bets 1920
Narlitoo: folds 
Gabrielfs13: calls 1920
*** RIVER *** [5d Ah 8d As] [7h]
Gabrielfs13: checks 
R.parreira08: checks 
*** SHOW DOWN ***
Gabrielfs13: shows [9c 9d] (two pair, Aces and Nines)
R.parreira08: shows [Ts Td] (two pair, Aces and Tens)
R.parreira08 collected 8960 from pot
*** SUMMARY ***
Total pot 8960 | Rake 0 
Board [5d Ah 8d As 7h]
Seat 1: R.parreira08 showed [Ts Td] and won (8960) with two pair, Aces and Tens
Seat 2: Narlitoo folded on the Turn
Seat 3: Rapa velhos folded before Flop (didn't bet)
Seat 4: thestramash folded before Flop (didn't bet)
Seat 5: mertholstar (button) folded before Flop (didn't bet)
Seat 6: Gabrielfs13 (small blind) showed [9c 9d] and lost with two pair, Aces and Nines
Seat 7: TiagoY (big blind) folded before Flop
Seat 8: owlie45 folded before Flop (didn't bet)



PokerStars Hand #257021428070: Tournament #3908026922, $12.30+$12.25+$2.45 USD Hold'em No Limit - Level VI (80/160) - 2025/07/20 13:16:46 BRT [2025/07/20 12:16:46 ET]
Table '3908026922 4' 8-max Seat #6 is the button
Seat 1: R.parreira08 (15372 in chips, $12.25 bounty) 
Seat 2: Narlitoo (8728 in chips, $12.25 bounty) 
Seat 3: Rapa velhos (11898 in chips, $12.25 bounty) 
Seat 4: thestramash (16564 in chips, $12.25 bounty) 
Seat 5: mertholstar (10893 in chips, $18.37 bounty) 
Seat 6: Gabrielfs13 (6302 in chips, $12.25 bounty) 
Seat 7: TiagoY (11622 in chips, $12.25 bounty) 
Seat 8: owlie45 (14367 in chips, $12.25 bounty) 
R.parreira08: posts the ante 20
Narlitoo: posts the ante 20
Rapa velhos: posts the ante 20
thestramash: posts the ante 20
mertholstar: posts the ante 20
Gabrielfs13: posts the ante 20
TiagoY: posts the ante 20
owlie45: posts the ante 20
TiagoY: posts small blind 80
owlie45: posts big blind 160
*** HOLE CARDS ***
Dealt to Gabrielfs13 [2s Ac]
R.parreira08: folds 
Narlitoo: raises 8548 to 8708 and is all-in
Rapa velhos: folds 
thestramash: folds 
mertholstar: folds 
Gabrielfs13: folds 
TiagoY: raises 2894 to 11602 and is all-in
owlie45: folds 
Uncalled bet (2894) returned to TiagoY
*** FLOP *** [3h Jh 5d]
*** TURN *** [3h Jh 5d] [Ks]
*** RIVER *** [3h Jh 5d Ks] [2d]
*** SHOW DOWN ***
TiagoY: shows [Kd Kc] (three of a kind, Kings)
Narlitoo: shows [7h 7s] (a pair of Sevens)
TiagoY collected 17736 from pot
TiagoY wins $6.13 for eliminating Narlitoo and their own bounty increases by $6.12 to $18.37
Narlitoo finished the tournament
*** SUMMARY ***
Total pot 17736 | Rake 0 
Board [3h Jh 5d Ks 2d]
Seat 1: R.parreira08 folded before Flop (didn't bet)
Seat 2: Narlitoo showed [7h 7s] and lost with a pair of Sevens
Seat 3: Rapa velhos folded before Flop (didn't bet)
Seat 4: thestramash folded before Flop (didn't bet)
Seat 5: mertholstar folded before Flop (didn't bet)
Seat 6: Gabrielfs13 (button) folded before Flop (didn't bet)
Seat 7: TiagoY (small blind) showed [Kd Kc] and won (17736) with three of a kind, Kings
Seat 8: owlie45 (big blind) folded before Flop



PokerStars Hand #257021439876: Tournament #3908026922, $12.30+$12.25+$2.45 USD Hold'em No Limit - Level VI (80/160) - 2025/07/20 13:17:37 BRT [2025/07/20 12:17:37 ET]
Table '3908026922 4' 8-max Seat #7 is the button
Seat 1: R.parreira08 (15352 in chips, $12.25 bounty) 
Seat 3: Rapa velhos (11878 in chips, $12.25 bounty) 
Seat 4: thestramash (16544 in chips, $12.25 bounty) 
Seat 5: mertholstar (10873 in chips, $18.37 bounty) 
Seat 6: Gabrielfs13 (6282 in chips, $12.25 bounty) 
Seat 7: TiagoY (20630 in chips, $18.37 bounty) 
Seat 8: owlie45 (14187 in chips, $12.25 bounty) 
R.parreira08: posts the ante 20
Rapa velhos: posts the ante 20
thestramash: posts the ante 20
mertholstar: posts the ante 20
Gabrielfs13: posts the ante 20
TiagoY: posts the ante 20
owlie45: posts the ante 20
owlie45: posts small blind 80
R.parreira08: posts big blind 160
*** HOLE CARDS ***
Dealt to Gabrielfs13 [Kc 3h]
Rapa velhos: folds 
thestramash: folds 
mertholstar: raises 160 to 320
Gabrielfs13: folds 
TiagoY: folds 
owlie45: folds 
R.parreira08: calls 160
*** FLOP *** [Ks 6s 4s]
R.parreira08: checks 
mertholstar: bets 216
R.parreira08: folds 
Uncalled bet (216) returned to mertholstar
mertholstar collected 860 from pot
mertholstar: doesn't show hand 
*** SUMMARY ***
Total pot 860 | Rake 0 
Board [Ks 6s 4s]
Seat 1: R.parreira08 (big blind) folded on the Flop
Seat 3: Rapa velhos folded before Flop (didn't bet)
Seat 4: thestramash folded before Flop (didn't bet)
Seat 5: mertholstar collected (860)
Seat 6: Gabrielfs13 folded before Flop (didn't bet)
Seat 7: TiagoY (button) folded before Flop (didn't bet)
Seat 8: owlie45 (small blind) folded before Flop



PokerStars Hand #257021450340: Tournament #3908026922, $12.30+$12.25+$2.45 USD Hold'em No Limit - Level VI (80/160) - 2025/07/20 13:18:21 BRT [2025/07/20 12:18:21 ET]
Table '3908026922 4' 8-max Seat #8 is the button
Seat 1: R.parreira08 (15012 in chips, $12.25 bounty) 
Seat 2: dixonjtd (10000 in chips, $12.25 bounty) 
Seat 3: Rapa velhos (11858 in chips, $12.25 bounty) 
Seat 4: thestramash (16524 in chips, $12.25 bounty) 
Seat 5: mertholstar (11393 in chips, $18.37 bounty) 
Seat 6: Gabrielfs13 (6262 in chips, $12.25 bounty) 
Seat 7: TiagoY (20610 in chips, $18.37 bounty) 
Seat 8: owlie45 (14087 in chips, $12.25 bounty) 
R.parreira08: posts the ante 20
dixonjtd: posts the ante 20
Rapa velhos: posts the ante 20
thestramash: posts the ante 20
mertholstar: posts the ante 20
Gabrielfs13: posts the ante 20
TiagoY: posts the ante 20
owlie45: posts the ante 20
R.parreira08: posts small blind 80
dixonjtd: posts big blind 160
*** HOLE CARDS ***
Dealt to Gabrielfs13 [3s 9s]
Rapa velhos: folds 
thestramash: folds 
mertholstar: folds 
Gabrielfs13: folds 
TiagoY: folds 
owlie45: raises 192 to 352
R.parreira08: folds 
dixonjtd: calls 192
*** FLOP *** [8h 8d Tc]
dixonjtd: checks 
owlie45: checks 
*** TURN *** [8h 8d Tc] [7h]
dixonjtd: bets 1712
owlie45: folds 
Uncalled bet (1712) returned to dixonjtd
dixonjtd collected 944 from pot
dixonjtd: doesn't show hand 
*** SUMMARY ***
Total pot 944 | Rake 0 
Board [8h 8d Tc 7h]
Seat 1: R.parreira08 (small blind) folded before Flop
Seat 2: dixonjtd (big blind) collected (944)
Seat 3: Rapa velhos folded before Flop (didn't bet)
Seat 4: thestramash folded before Flop (didn't bet)
Seat 5: mertholstar folded before Flop (didn't bet)
Seat 6: Gabrielfs13 folded before Flop (didn't bet)
Seat 7: TiagoY folded before Flop (didn't bet)
Seat 8: owlie45 (button) folded on the Turn



PokerStars Hand #257021466964: Tournament #3908026922, $12.30+$12.25+$2.45 USD Hold'em No Limit - Level VI (80/160) - 2025/07/20 13:19:33 BRT [2025/07/20 12:19:33 ET]
Table '3908026922 4' 8-max Seat #1 is the button
Seat 1: R.parreira08 (14912 in chips, $12.25 bounty) 
Seat 2: dixonjtd (10572 in chips, $12.25 bounty) 
Seat 3: Rapa velhos (11838 in chips, $12.25 bounty) 
Seat 4: thestramash (16504 in chips, $12.25 bounty) 
Seat 5: mertholstar (11373 in chips, $18.37 bounty) 
Seat 6: Gabrielfs13 (6242 in chips, $12.25 bounty) 
Seat 7: TiagoY (20590 in chips, $18.37 bounty) 
Seat 8: owlie45 (13715 in chips, $12.25 bounty) 
R.parreira08: posts the ante 20
dixonjtd: posts the ante 20
Rapa velhos: posts the ante 20
thestramash: posts the ante 20
mertholstar: posts the ante 20
Gabrielfs13: posts the ante 20
TiagoY: posts the ante 20
owlie45: posts the ante 20
dixonjtd: posts small blind 80
Rapa velhos: posts big blind 160
*** HOLE CARDS ***
Dealt to Gabrielfs13 [3c Ah]
thestramash: folds 
mertholstar: folds 
Gabrielfs13: folds 
TiagoY: folds 
owlie45: folds 
R.parreira08: folds 
dixonjtd: calls 80
Rapa velhos: checks 
*** FLOP *** [5c Qs 8s]
dixonjtd: bets 336
Rapa velhos: calls 336
*** TURN *** [5c Qs 8s] [Td]
dixonjtd: checks 
Rapa velhos: bets 760
dixonjtd: calls 760
*** RIVER *** [5c Qs 8s Td] [Jd]
dixonjtd: checks 
Rapa velhos: checks 
*** SHOW DOWN ***
dixonjtd: shows [4h Tc] (a pair of Tens)
Rapa velhos: shows [Th 8d] (two pair, Tens and Eights)
Rapa velhos collected 2672 from pot
*** SUMMARY ***
Total pot 2672 | Rake 0 
Board [5c Qs 8s Td Jd]
Seat 1: R.parreira08 (button) folded before Flop (didn't bet)
Seat 2: dixonjtd (small blind) showed [4h Tc] and lost with a pair of Tens
Seat 3: Rapa velhos (big blind) showed [Th 8d] and won (2672) with two pair, Tens and Eights
Seat 4: thestramash folded before Flop (didn't bet)
Seat 5: mertholstar folded before Flop (didn't bet)
Seat 6: Gabrielfs13 folded before Flop (didn't bet)
Seat 7: TiagoY folded before Flop (didn't bet)
Seat 8: owlie45 folded before Flop (didn't bet)



PokerStars Hand #257021488020: Tournament #3908026922, $12.30+$12.25+$2.45 USD Hold'em No Limit - Level VI (80/160) - 2025/07/20 13:21:03 BRT [2025/07/20 12:21:03 ET]
Table '3908026922 4' 8-max Seat #2 is the button
Seat 1: R.parreira08 (14892 in chips, $12.25 bounty) 
Seat 2: dixonjtd (9296 in chips, $12.25 bounty) 
Seat 3: Rapa velhos (13234 in chips, $12.25 bounty) 
Seat 4: thestramash (16484 in chips, $12.25 bounty) 
Seat 5: mertholstar (11353 in chips, $18.37 bounty) 
Seat 6: Gabrielfs13 (6222 in chips, $12.25 bounty) 
Seat 7: TiagoY (20570 in chips, $18.37 bounty) 
Seat 8: owlie45 (13695 in chips, $12.25 bounty) 
R.parreira08: posts the ante 20
dixonjtd: posts the ante 20
Rapa velhos: posts the ante 20
thestramash: posts the ante 20
mertholstar: posts the ante 20
Gabrielfs13: posts the ante 20
TiagoY: posts the ante 20
owlie45: posts the ante 20
Rapa velhos: posts small blind 80
thestramash: posts big blind 160
*** HOLE CARDS ***
Dealt to Gabrielfs13 [5d 4d]
mertholstar: folds 
Gabrielfs13: raises 160 to 320
TiagoY: folds 
owlie45: calls 320
R.parreira08: folds 
dixonjtd: folds 
Rapa velhos: folds 
thestramash: folds 
*** FLOP *** [6c Jh Ah]
Gabrielfs13: bets 343
owlie45: calls 343
*** TURN *** [6c Jh Ah] [8c]
Gabrielfs13: bets 863
owlie45: raises 12149 to 13012 and is all-in
Gabrielfs13: folds 
Uncalled bet (12149) returned to owlie45
owlie45 collected 3452 from pot
*** SUMMARY ***
Total pot 3452 | Rake 0 
Board [6c Jh Ah 8c]
Seat 1: R.parreira08 folded before Flop (didn't bet)
Seat 2: dixonjtd (button) folded before Flop (didn't bet)
Seat 3: Rapa velhos (small blind) folded before Flop
Seat 4: thestramash (big blind) folded before Flop
Seat 5: mertholstar folded before Flop (didn't bet)
Seat 6: Gabrielfs13 folded on the Turn
Seat 7: TiagoY folded before Flop (didn't bet)
Seat 8: owlie45 collected (3452)



PokerStars Hand #257021505081: Tournament #3908026922, $12.30+$12.25+$2.45 USD Hold'em No Limit - Level VII (100/200) - 2025/07/20 13:22:17 BRT [2025/07/20 12:22:17 ET]
Table '3908026922 4' 8-max Seat #3 is the button
Seat 1: R.parreira08 (14872 in chips, $12.25 bounty) 
Seat 2: dixonjtd (9276 in chips, $12.25 bounty) 
Seat 3: Rapa velhos (13134 in chips, $12.25 bounty) 
Seat 4: thestramash (16304 in chips, $12.25 bounty) 
Seat 5: mertholstar (11333 in chips, $18.37 bounty) 
Seat 6: Gabrielfs13 (4676 in chips, $12.25 bounty) 
Seat 7: TiagoY (20550 in chips, $18.37 bounty) 
Seat 8: owlie45 (15601 in chips, $12.25 bounty) 
R.parreira08: posts the ante 25
dixonjtd: posts the ante 25
Rapa velhos: posts the ante 25
thestramash: posts the ante 25
mertholstar: posts the ante 25
Gabrielfs13: posts the ante 25
TiagoY: posts the ante 25
owlie45: posts the ante 25
thestramash: posts small blind 100
mertholstar: posts big blind 200
*** HOLE CARDS ***
Dealt to Gabrielfs13 [Ac Jd]
Gabrielfs13: raises 200 to 400
TiagoY: folds 
owlie45: folds 
R.parreira08: folds 
dixonjtd: calls 400
Rapa velhos: folds 
thestramash: folds 
mertholstar: folds 
*** FLOP *** [Ks 7h Qs]
Gabrielfs13: bets 429
dixonjtd: folds 
Uncalled bet (429) returned to Gabrielfs13
Gabrielfs13 collected 1300 from pot
Gabrielfs13: doesn't show hand 
*** SUMMARY ***
Total pot 1300 | Rake 0 
Board [Ks 7h Qs]
Seat 1: R.parreira08 folded before Flop (didn't bet)
Seat 2: dixonjtd folded on the Flop
Seat 3: Rapa velhos (button) folded before Flop (didn't bet)
Seat 4: thestramash (small blind) folded before Flop
Seat 5: mertholstar (big blind) folded before Flop
Seat 6: Gabrielfs13 collected (1300)
Seat 7: TiagoY folded before Flop (didn't bet)
Seat 8: owlie45 folded before Flop (didn't bet)



PokerStars Hand #257021521053: Tournament #3908026922, $12.30+$12.25+$2.45 USD Hold'em No Limit - Level VII (100/200) - 2025/07/20 13:23:26 BRT [2025/07/20 12:23:26 ET]
Table '3908026922 4' 8-max Seat #4 is the button
Seat 1: R.parreira08 (14847 in chips, $12.25 bounty) 
Seat 2: dixonjtd (8851 in chips, $12.25 bounty) 
Seat 3: Rapa velhos (13109 in chips, $12.25 bounty) 
Seat 4: thestramash (16179 in chips, $12.25 bounty) 
Seat 5: mertholstar (11108 in chips, $18.37 bounty) 
Seat 6: Gabrielfs13 (5551 in chips, $12.25 bounty) 
Seat 7: TiagoY (20525 in chips, $18.37 bounty) 
Seat 8: owlie45 (15576 in chips, $12.25 bounty) 
R.parreira08: posts the ante 25
dixonjtd: posts the ante 25
Rapa velhos: posts the ante 25
thestramash: posts the ante 25
mertholstar: posts the ante 25
Gabrielfs13: posts the ante 25
TiagoY: posts the ante 25
owlie45: posts the ante 25
mertholstar: posts small blind 100
Gabrielfs13: posts big blind 200
*** HOLE CARDS ***
Dealt to Gabrielfs13 [9s As]
TiagoY: folds 
owlie45: raises 240 to 440
R.parreira08: folds 
dixonjtd: folds 
Rapa velhos: folds 
thestramash: folds 
mertholstar: raises 1540 to 1980
Gabrielfs13: folds 
owlie45: folds 
Uncalled bet (1540) returned to mertholstar
mertholstar collected 1280 from pot
mertholstar: doesn't show hand 
*** SUMMARY ***
Total pot 1280 | Rake 0 
Seat 1: R.parreira08 folded before Flop (didn't bet)
Seat 2: dixonjtd folded before Flop (didn't bet)
Seat 3: Rapa velhos folded before Flop (didn't bet)
Seat 4: thestramash (button) folded before Flop (didn't bet)
Seat 5: mertholstar (small blind) collected (1280)
Seat 6: Gabrielfs13 (big blind) folded before Flop
Seat 7: TiagoY folded before Flop (didn't bet)
Seat 8: owlie45 folded before Flop



PokerStars Hand #257021531348: Tournament #3908026922, $12.30+$12.25+$2.45 USD Hold'em No Limit - Level VII (100/200) - 2025/07/20 13:24:10 BRT [2025/07/20 12:24:10 ET]
Table '3908026922 4' 8-max Seat #5 is the button
Seat 1: R.parreira08 (14822 in chips, $12.25 bounty) 
Seat 2: dixonjtd (8826 in chips, $12.25 bounty) 
Seat 3: Rapa velhos (13084 in chips, $12.25 bounty) 
Seat 4: thestramash (16154 in chips, $12.25 bounty) 
Seat 5: mertholstar (11923 in chips, $18.37 bounty) 
Seat 6: Gabrielfs13 (5326 in chips, $12.25 bounty) 
Seat 7: TiagoY (20500 in chips, $18.37 bounty) 
Seat 8: owlie45 (15111 in chips, $12.25 bounty) 
R.parreira08: posts the ante 25
dixonjtd: posts the ante 25
Rapa velhos: posts the ante 25
thestramash: posts the ante 25
mertholstar: posts the ante 25
Gabrielfs13: posts the ante 25
TiagoY: posts the ante 25
owlie45: posts the ante 25
Gabrielfs13: posts small blind 100
TiagoY: posts big blind 200
*** HOLE CARDS ***
Dealt to Gabrielfs13 [9s 4c]
owlie45: folds 
R.parreira08: folds 
dixonjtd: folds 
Rapa velhos: raises 200 to 400
thestramash: calls 400
mertholstar: calls 400
Gabrielfs13: folds 
TiagoY: folds 
*** FLOP *** [Ah 5d 6d]
Rapa velhos: checks 
thestramash: checks 
mertholstar: bets 562
Rapa velhos: calls 562
thestramash: calls 562
*** TURN *** [Ah 5d 6d] [3d]
Rapa velhos: checks 
thestramash: checks 
mertholstar: bets 2540
Rapa velhos: folds 
thestramash: folds 
Uncalled bet (2540) returned to mertholstar
mertholstar collected 3386 from pot
mertholstar: doesn't show hand 
*** SUMMARY ***
Total pot 3386 | Rake 0 
Board [Ah 5d 6d 3d]
Seat 1: R.parreira08 folded before Flop (didn't bet)
Seat 2: dixonjtd folded before Flop (didn't bet)
Seat 3: Rapa velhos folded on the Turn
Seat 4: thestramash folded on the Turn
Seat 5: mertholstar (button) collected (3386)
Seat 6: Gabrielfs13 (small blind) folded before Flop
Seat 7: TiagoY (big blind) folded before Flop
Seat 8: owlie45 folded before Flop (didn't bet)



PokerStars Hand #257021562839: Tournament #3908026922, $12.30+$12.25+$2.45 USD Hold'em No Limit - Level VII (100/200) - 2025/07/20 13:26:29 BRT [2025/07/20 12:26:29 ET]
Table '3908026922 4' 8-max Seat #6 is the button
Seat 1: R.parreira08 (14797 in chips, $12.25 bounty) 
Seat 2: dixonjtd (8801 in chips, $12.25 bounty) 
Seat 3: Rapa velhos (12097 in chips, $12.25 bounty) 
Seat 4: thestramash (15167 in chips, $12.25 bounty) 
Seat 5: mertholstar (14322 in chips, $18.37 bounty) 
Seat 6: Gabrielfs13 (5201 in chips, $12.25 bounty) 
Seat 7: TiagoY (20275 in chips, $18.37 bounty) 
Seat 8: owlie45 (15086 in chips, $12.25 bounty) 
R.parreira08: posts the ante 25
dixonjtd: posts the ante 25
Rapa velhos: posts the ante 25
thestramash: posts the ante 25
mertholstar: posts the ante 25
Gabrielfs13: posts the ante 25
TiagoY: posts the ante 25
owlie45: posts the ante 25
TiagoY: posts small blind 100
owlie45: posts big blind 200
*** HOLE CARDS ***
Dealt to Gabrielfs13 [8d 2s]
R.parreira08: folds 
dixonjtd: folds 
Rapa velhos: folds 
thestramash: folds 
mertholstar: raises 200 to 400
Gabrielfs13: folds 
TiagoY: folds 
owlie45: calls 200
*** FLOP *** [5h Qc Td]
owlie45: checks 
mertholstar: bets 364
owlie45: calls 364
*** TURN *** [5h Qc Td] [Th]
owlie45: bets 603
mertholstar: calls 603
*** RIVER *** [5h Qc Td Th] [3d]
owlie45: bets 3600
mertholstar: folds 
Uncalled bet (3600) returned to owlie45
owlie45 collected 3034 from pot
*** SUMMARY ***
Total pot 3034 | Rake 0 
Board [5h Qc Td Th 3d]
Seat 1: R.parreira08 folded before Flop (didn't bet)
Seat 2: dixonjtd folded before Flop (didn't bet)
Seat 3: Rapa velhos folded before Flop (didn't bet)
Seat 4: thestramash folded before Flop (didn't bet)
Seat 5: mertholstar folded on the River
Seat 6: Gabrielfs13 (button) folded before Flop (didn't bet)
Seat 7: TiagoY (small blind) folded before Flop
Seat 8: owlie45 (big blind) collected (3034)



PokerStars Hand #257021581812: Tournament #3908026922, $12.30+$12.25+$2.45 USD Hold'em No Limit - Level VII (100/200) - 2025/07/20 13:27:52 BRT [2025/07/20 12:27:52 ET]
Table '3908026922 4' 8-max Seat #7 is the button
Seat 1: R.parreira08 (14772 in chips, $12.25 bounty) 
Seat 2: dixonjtd (8776 in chips, $12.25 bounty) 
Seat 3: Rapa velhos (12072 in chips, $12.25 bounty) 
Seat 4: thestramash (15142 in chips, $12.25 bounty) 
Seat 5: mertholstar (12930 in chips, $18.37 bounty) 
Seat 6: Gabrielfs13 (5176 in chips, $12.25 bounty) 
Seat 7: TiagoY (20150 in chips, $18.37 bounty) 
Seat 8: owlie45 (16728 in chips, $12.25 bounty) 
R.parreira08: posts the ante 25
dixonjtd: posts the ante 25
Rapa velhos: posts the ante 25
thestramash: posts the ante 25
mertholstar: posts the ante 25
Gabrielfs13: posts the ante 25
TiagoY: posts the ante 25
owlie45: posts the ante 25
owlie45: posts small blind 100
R.parreira08: posts big blind 200
*** HOLE CARDS ***
Dealt to Gabrielfs13 [Qs Kd]
dixonjtd: folds 
Rapa velhos: folds 
thestramash: folds 
mertholstar: folds 
Gabrielfs13: raises 200 to 400
TiagoY: folds 
owlie45: folds 
R.parreira08: raises 14347 to 14747 and is all-in
Gabrielfs13: calls 4751 and is all-in
Uncalled bet (9596) returned to R.parreira08
*** FLOP *** [Jh 8h Td]
*** TURN *** [Jh 8h Td] [2h]
*** RIVER *** [Jh 8h Td 2h] [Tc]
*** SHOW DOWN ***
R.parreira08: shows [9s 9d] (two pair, Tens and Nines)
Gabrielfs13: shows [Qs Kd] (a pair of Tens)
R.parreira08 collected 10602 from pot
R.parreira08 wins $6.13 for eliminating Gabrielfs13 and their own bounty increases by $6.12 to $18.37
Gabrielfs13 finished the tournament
*** SUMMARY ***
Total pot 10602 | Rake 0 
Board [Jh 8h Td 2h Tc]
Seat 1: R.parreira08 (big blind) showed [9s 9d] and won (10602) with two pair, Tens and Nines
Seat 2: dixonjtd folded before Flop (didn't bet)
Seat 3: Rapa velhos folded before Flop (didn't bet)
Seat 4: thestramash folded before Flop (didn't bet)
Seat 5: mertholstar folded before Flop (didn't bet)
Seat 6: Gabrielfs13 showed [Qs Kd] and lost with a pair of Tens
Seat 7: TiagoY (button) folded before Flop (didn't bet)
Seat 8: owlie45 (small blind) folded before Flop



PokerStars Hand #257021600314: Tournament #3908026922, $12.30+$12.25+$2.45 USD Hold'em No Limit - Level VII (100/200) - 2025/07/20 13:29:13 BRT [2025/07/20 12:29:13 ET]
Table '3908026922 136' 8-max Seat #2 is the button
Seat 2: Glaureth (17112 in chips, $18.37 bounty) 
Seat 3: airton0002 (56747 in chips, $33.67 bounty) 
Seat 4: Peedoca (10582 in chips, $12.25 bounty) 
Seat 5: Maylowzin (11497 in chips, $12.25 bounty) 
Seat 6: AyStunn (10500 in chips, $12.25 bounty) 
Seat 7: InFavoreM (7213 in chips, $12.25 bounty) 
Seat 8: Gabrielfs13 (10000 in chips, $12.25 bounty) 
Glaureth: posts the ante 25
airton0002: posts the ante 25
Peedoca: posts the ante 25
Maylowzin: posts the ante 25
AyStunn: posts the ante 25
InFavoreM: posts the ante 25
Gabrielfs13: posts the ante 25
airton0002: posts small blind 100
Peedoca: posts big blind 200
*** HOLE CARDS ***
Dealt to Gabrielfs13 [8s Ah]
gangst3rn1 is disconnected 
Maylowzin: folds 
AyStunn: folds 
InFavoreM: raises 200 to 400
Gabrielfs13: folds 
Glaureth: calls 400
airton0002: folds 
Peedoca: calls 200
*** FLOP *** [Tc Ts 6h]
Peedoca: checks 
InFavoreM: bets 400
Glaureth is connected 
Glaureth is connected 
Glaureth: folds 
Peedoca: folds 
Uncalled bet (400) returned to InFavoreM
InFavoreM collected 1475 from pot
*** SUMMARY ***
Total pot 1475 | Rake 0 
Board [Tc Ts 6h]
Seat 2: Glaureth (button) folded on the Flop
Seat 3: airton0002 (small blind) folded before Flop
Seat 4: Peedoca (big blind) folded on the Flop
Seat 5: Maylowzin folded before Flop (didn't bet)
Seat 6: AyStunn folded before Flop (didn't bet)
Seat 7: InFavoreM collected (1475)
Seat 8: Gabrielfs13 folded before Flop (didn't bet)



PokerStars Hand #257021616840: Tournament #3908026922, $12.30+$12.25+$2.45 USD Hold'em No Limit - Level VII (100/200) - 2025/07/20 13:30:24 BRT [2025/07/20 12:30:24 ET]
Table '3908026922 136' 8-max Seat #3 is the button
Seat 1: gangst3rn1 (10000 in chips, $12.25 bounty) 
Seat 2: Glaureth (16687 in chips, $18.37 bounty) 
Seat 3: airton0002 (56622 in chips, $33.67 bounty) 
Seat 4: Peedoca (10157 in chips, $12.25 bounty) 
Seat 5: Maylowzin (11472 in chips, $12.25 bounty) 
Seat 6: AyStunn (10475 in chips, $12.25 bounty) 
Seat 7: InFavoreM (8263 in chips, $12.25 bounty) 
Seat 8: Gabrielfs13 (9975 in chips, $12.25 bounty) 
gangst3rn1: posts the ante 25
Glaureth: posts the ante 25
airton0002: posts the ante 25
Peedoca: posts the ante 25
Maylowzin: posts the ante 25
AyStunn: posts the ante 25
InFavoreM: posts the ante 25
Gabrielfs13: posts the ante 25
Peedoca: posts small blind 100
Maylowzin: posts big blind 200
*** HOLE CARDS ***
Dealt to Gabrielfs13 [Ad Jh]
AyStunn: folds 
InFavoreM: raises 200 to 400
Gabrielfs13: raises 800 to 1200
gangst3rn1: folds 
Glaureth: folds 
airton0002: folds 
Peedoca: folds 
Maylowzin: folds 
InFavoreM: folds 
Uncalled bet (800) returned to Gabrielfs13
Gabrielfs13 collected 1300 from pot
Gabrielfs13: doesn't show hand 
*** SUMMARY ***
Total pot 1300 | Rake 0 
Seat 1: gangst3rn1 folded before Flop (didn't bet)
Seat 2: Glaureth folded before Flop (didn't bet)
Seat 3: airton0002 (button) folded before Flop (didn't bet)
Seat 4: Peedoca (small blind) folded before Flop
Seat 5: Maylowzin (big blind) folded before Flop
Seat 6: AyStunn folded before Flop (didn't bet)
Seat 7: InFavoreM folded before Flop
Seat 8: Gabrielfs13 collected (1300)



PokerStars Hand #257021624760: Tournament #3908026922, $12.30+$12.25+$2.45 USD Hold'em No Limit - Level VII (100/200) - 2025/07/20 13:30:58 BRT [2025/07/20 12:30:58 ET]
Table '3908026922 136' 8-max Seat #4 is the button
Seat 1: gangst3rn1 (9975 in chips, $12.25 bounty) 
Seat 2: Glaureth (16662 in chips, $18.37 bounty) 
Seat 3: airton0002 (56597 in chips, $33.67 bounty) 
Seat 4: Peedoca (10032 in chips, $12.25 bounty) 
Seat 5: Maylowzin (11247 in chips, $12.25 bounty) 
Seat 6: AyStunn (10450 in chips, $12.25 bounty) 
Seat 7: InFavoreM (7838 in chips, $12.25 bounty) 
Seat 8: Gabrielfs13 (10850 in chips, $12.25 bounty) 
gangst3rn1: posts the ante 25
Glaureth: posts the ante 25
airton0002: posts the ante 25
Peedoca: posts the ante 25
Maylowzin: posts the ante 25
AyStunn: posts the ante 25
InFavoreM: posts the ante 25
Gabrielfs13: posts the ante 25
Maylowzin: posts small blind 100
AyStunn: posts big blind 200
*** HOLE CARDS ***
Dealt to Gabrielfs13 [5h 6s]
InFavoreM: folds 
Gabrielfs13: folds 
gangst3rn1: folds 
Glaureth: raises 260 to 460
airton0002: folds 
Peedoca: folds 
Maylowzin: folds 
AyStunn: folds 
Uncalled bet (260) returned to Glaureth
Glaureth collected 700 from pot
Glaureth: doesn't show hand 
*** SUMMARY ***
Total pot 700 | Rake 0 
Seat 1: gangst3rn1 folded before Flop (didn't bet)
Seat 2: Glaureth collected (700)
Seat 3: airton0002 folded before Flop (didn't bet)
Seat 4: Peedoca (button) folded before Flop (didn't bet)
Seat 5: Maylowzin (small blind) folded before Flop
Seat 6: AyStunn (big blind) folded before Flop
Seat 7: InFavoreM folded before Flop (didn't bet)
Seat 8: Gabrielfs13 folded before Flop (didn't bet)



PokerStars Hand #257021634336: Tournament #3908026922, $12.30+$12.25+$2.45 USD Hold'em No Limit - Level VII (100/200) - 2025/07/20 13:31:39 BRT [2025/07/20 12:31:39 ET]
Table '3908026922 136' 8-max Seat #5 is the button
Seat 1: gangst3rn1 (9950 in chips, $12.25 bounty) 
Seat 2: Glaureth (17137 in chips, $18.37 bounty) 
Seat 3: airton0002 (56572 in chips, $33.67 bounty) 
Seat 4: Peedoca (10007 in chips, $12.25 bounty) 
Seat 5: Maylowzin (11122 in chips, $12.25 bounty) 
Seat 6: AyStunn (10225 in chips, $12.25 bounty) 
Seat 7: InFavoreM (7813 in chips, $12.25 bounty) 
Seat 8: Gabrielfs13 (10825 in chips, $12.25 bounty) 
gangst3rn1: posts the ante 25
Glaureth: posts the ante 25
airton0002: posts the ante 25
Peedoca: posts the ante 25
Maylowzin: posts the ante 25
AyStunn: posts the ante 25
InFavoreM: posts the ante 25
Gabrielfs13: posts the ante 25
AyStunn: posts small blind 100
InFavoreM: posts big blind 200
*** HOLE CARDS ***
Dealt to Gabrielfs13 [Qh 2d]
Gabrielfs13: folds 
gangst3rn1: folds 
Glaureth: folds 
airton0002: folds 
Peedoca: raises 200 to 400
Maylowzin: folds 
AyStunn: folds 
InFavoreM: calls 200
*** FLOP *** [Jc As 4c]
InFavoreM: checks 
Peedoca: bets 770
InFavoreM: folds 
Uncalled bet (770) returned to Peedoca
Peedoca collected 1100 from pot
*** SUMMARY ***
Total pot 1100 | Rake 0 
Board [Jc As 4c]
Seat 1: gangst3rn1 folded before Flop (didn't bet)
Seat 2: Glaureth folded before Flop (didn't bet)
Seat 3: airton0002 folded before Flop (didn't bet)
Seat 4: Peedoca collected (1100)
Seat 5: Maylowzin (button) folded before Flop (didn't bet)
Seat 6: AyStunn (small blind) folded before Flop
Seat 7: InFavoreM (big blind) folded on the Flop
Seat 8: Gabrielfs13 folded before Flop (didn't bet)



PokerStars Hand #257021649024: Tournament #3908026922, $12.30+$12.25+$2.45 USD Hold'em No Limit - Level VII (100/200) - 2025/07/20 13:32:41 BRT [2025/07/20 12:32:41 ET]
Table '3908026922 217' 8-max Seat #1 is the button
Seat 1: vitormahal (24221 in chips, $12.25 bounty) 
Seat 2: rafael.maes (17442 in chips, $12.25 bounty) 
Seat 3: Thefresh8 (9215 in chips, $12.25 bounty) 
Seat 4: Franco2992 (4885 in chips, $12.25 bounty) 
Seat 5: Gabrielfs13 (10800 in chips, $12.25 bounty) 
vitormahal: posts the ante 25
rafael.maes: posts the ante 25
Thefresh8: posts the ante 25
Franco2992: posts the ante 25
Gabrielfs13: posts the ante 25
rafael.maes: posts small blind 100
Thefresh8: posts big blind 200
*** HOLE CARDS ***
Dealt to Gabrielfs13 [3d 7h]
vitormahal is disconnected 
Thefresh8 is disconnected 
rafael.maes is disconnected 
Franco2992 is connected 
Franco2992 is connected 
OndeJogaste? is disconnected 
Franco2992: folds 
Gabrielfs13: folds 
vitormahal: raises 200 to 400
rafael.maes: calls 300
Thefresh8: raises 1320 to 1720
vitormahal: folds 
rafael.maes: folds 
Uncalled bet (1320) returned to Thefresh8
Thefresh8 collected 1325 from pot
*** SUMMARY ***
Total pot 1325 | Rake 0 
Seat 1: vitormahal (button) folded before Flop
Seat 2: rafael.maes (small blind) folded before Flop
Seat 3: Thefresh8 (big blind) collected (1325)
Seat 4: Franco2992 folded before Flop (didn't bet)
Seat 5: Gabrielfs13 folded before Flop (didn't bet)



PokerStars Hand #257021660151: Tournament #3908026922, $12.30+$12.25+$2.45 USD Hold'em No Limit - Level VII (100/200) - 2025/07/20 13:33:27 BRT [2025/07/20 12:33:27 ET]
Table '3908026922 217' 8-max Seat #2 is the button
Seat 1: vitormahal (23796 in chips, $12.25 bounty) 
Seat 2: rafael.maes (17017 in chips, $12.25 bounty) 
Seat 3: Thefresh8 (10115 in chips, $12.25 bounty) 
Seat 4: Franco2992 (4860 in chips, $12.25 bounty) 
Seat 5: Gabrielfs13 (10775 in chips, $12.25 bounty) 
Seat 6: OndeJogaste? (11725 in chips, $12.25 bounty) 
Seat 7: NTINAS1980 (2383 in chips, $18.37 bounty) 
vitormahal: posts the ante 25
rafael.maes: posts the ante 25
Thefresh8: posts the ante 25
Franco2992: posts the ante 25
Gabrielfs13: posts the ante 25
OndeJogaste?: posts the ante 25
NTINAS1980: posts the ante 25
Thefresh8: posts small blind 100
Franco2992: posts big blind 200
*** HOLE CARDS ***
Dealt to Gabrielfs13 [Kd 8c]
Gabrielfs13: folds 
OndeJogaste?: folds 
NTINAS1980: folds 
vitormahal: folds 
rafael.maes: raises 200 to 400
Thefresh8: folds 
Franco2992: raises 4435 to 4835 and is all-in
rafael.maes: folds 
Uncalled bet (4435) returned to Franco2992
Franco2992 collected 1075 from pot
Franco2992: doesn't show hand 
*** SUMMARY ***
Total pot 1075 | Rake 0 
Seat 1: vitormahal folded before Flop (didn't bet)
Seat 2: rafael.maes (button) folded before Flop
Seat 3: Thefresh8 (small blind) folded before Flop
Seat 4: Franco2992 (big blind) collected (1075)
Seat 5: Gabrielfs13 folded before Flop (didn't bet)
Seat 6: OndeJogaste? folded before Flop (didn't bet)
Seat 7: NTINAS1980 folded before Flop (didn't bet)



PokerStars Hand #257021672175: Tournament #3908026922, $12.30+$12.25+$2.45 USD Hold'em No Limit - Level VIII (125/250) - 2025/07/20 13:34:18 BRT [2025/07/20 12:34:18 ET]
Table '3908026922 217' 8-max Seat #3 is the button
Seat 1: vitormahal (23771 in chips, $12.25 bounty) 
Seat 2: rafael.maes (16592 in chips, $12.25 bounty) 
Seat 3: Thefresh8 (9990 in chips, $12.25 bounty) 
Seat 4: Franco2992 (5510 in chips, $12.25 bounty) 
Seat 5: Gabrielfs13 (10750 in chips, $12.25 bounty) 
Seat 6: OndeJogaste? (11700 in chips, $12.25 bounty) 
Seat 7: NTINAS1980 (2358 in chips, $18.37 bounty) 
vitormahal: posts the ante 30
rafael.maes: posts the ante 30
Thefresh8: posts the ante 30
Franco2992: posts the ante 30
Gabrielfs13: posts the ante 30
OndeJogaste?: posts the ante 30
NTINAS1980: posts the ante 30
Franco2992: posts small blind 125
Gabrielfs13: posts big blind 250
*** HOLE CARDS ***
Dealt to Gabrielfs13 [2h Qs]
OndeJogaste?: folds 
NTINAS1980: folds 
vitormahal: raises 250 to 500
rafael.maes: folds 
Thefresh8: calls 500
Franco2992: folds 
Gabrielfs13: folds 
*** FLOP *** [7h 2d Th]
simuksas is disconnected 
vitormahal: checks 
Thefresh8: bets 523
vitormahal: calls 523
*** TURN *** [7h 2d Th] [Qd]
vitormahal: checks 
Thefresh8: checks 
*** RIVER *** [7h 2d Th Qd] [Jc]
vitormahal: bets 1658
Thefresh8: folds 
Uncalled bet (1658) returned to vitormahal
vitormahal collected 2631 from pot
vitormahal: doesn't show hand 
*** SUMMARY ***
Total pot 2631 | Rake 0 
Board [7h 2d Th Qd Jc]
Seat 1: vitormahal collected (2631)
Seat 2: rafael.maes folded before Flop (didn't bet)
Seat 3: Thefresh8 (button) folded on the River
Seat 4: Franco2992 (small blind) folded before Flop
Seat 5: Gabrielfs13 (big blind) folded before Flop
Seat 6: OndeJogaste? folded before Flop (didn't bet)
Seat 7: NTINAS1980 folded before Flop (didn't bet)



PokerStars Hand #257021689118: Tournament #3908026922, $12.30+$12.25+$2.45 USD Hold'em No Limit - Level VIII (125/250) - 2025/07/20 13:35:30 BRT [2025/07/20 12:35:30 ET]
Table '3908026922 217' 8-max Seat #4 is the button
Seat 1: vitormahal (25349 in chips, $12.25 bounty) 
Seat 2: rafael.maes (16562 in chips, $12.25 bounty) 
Seat 3: Thefresh8 (8937 in chips, $12.25 bounty) 
Seat 4: Franco2992 (5355 in chips, $12.25 bounty) 
Seat 5: Gabrielfs13 (10470 in chips, $12.25 bounty) 
Seat 6: OndeJogaste? (11670 in chips, $12.25 bounty) 
Seat 7: NTINAS1980 (2328 in chips, $18.37 bounty) 
Seat 8: simuksas (10000 in chips, $12.25 bounty) 
vitormahal: posts the ante 30
rafael.maes: posts the ante 30
Thefresh8: posts the ante 30
Franco2992: posts the ante 30
Gabrielfs13: posts the ante 30
OndeJogaste?: posts the ante 30
NTINAS1980: posts the ante 30
simuksas: posts the ante 30
Gabrielfs13: posts small blind 125
OndeJogaste?: posts big blind 250
*** HOLE CARDS ***
Dealt to Gabrielfs13 [Kh 2s]
NTINAS1980: folds 
simuksas: folds 
vitormahal: folds 
rafael.maes: folds 
Thefresh8: raises 250 to 500
Franco2992: folds 
Gabrielfs13: folds 
OndeJogaste?: calls 250
*** FLOP *** [4s 2d Qd]
OndeJogaste?: checks 
Thefresh8: bets 450
OndeJogaste?: folds 
Uncalled bet (450) returned to Thefresh8
Thefresh8 collected 1365 from pot
*** SUMMARY ***
Total pot 1365 | Rake 0 
Board [4s 2d Qd]
Seat 1: vitormahal folded before Flop (didn't bet)
Seat 2: rafael.maes folded before Flop (didn't bet)
Seat 3: Thefresh8 collected (1365)
Seat 4: Franco2992 (button) folded before Flop (didn't bet)
Seat 5: Gabrielfs13 (small blind) folded before Flop
Seat 6: OndeJogaste? (big blind) folded on the Flop
Seat 7: NTINAS1980 folded before Flop (didn't bet)
Seat 8: simuksas folded before Flop (didn't bet)



PokerStars Hand #257021704275: Tournament #3908026922, $12.30+$12.25+$2.45 USD Hold'em No Limit - Level VIII (125/250) - 2025/07/20 13:36:33 BRT [2025/07/20 12:36:33 ET]
Table '3908026922 217' 8-max Seat #5 is the button
Seat 1: vitormahal (25319 in chips, $12.25 bounty) 
Seat 2: rafael.maes (16532 in chips, $12.25 bounty) 
Seat 3: Thefresh8 (9772 in chips, $12.25 bounty) 
Seat 4: Franco2992 (5325 in chips, $12.25 bounty) 
Seat 5: Gabrielfs13 (10315 in chips, $12.25 bounty) 
Seat 6: OndeJogaste? (11140 in chips, $12.25 bounty) 
Seat 7: NTINAS1980 (2298 in chips, $18.37 bounty) 
Seat 8: simuksas (9970 in chips, $12.25 bounty) 
vitormahal: posts the ante 30
rafael.maes: posts the ante 30
Thefresh8: posts the ante 30
Franco2992: posts the ante 30
Gabrielfs13: posts the ante 30
OndeJogaste?: posts the ante 30
NTINAS1980: posts the ante 30
simuksas: posts the ante 30
OndeJogaste?: posts small blind 125
NTINAS1980: posts big blind 250
*** HOLE CARDS ***
Dealt to Gabrielfs13 [2d 2c]
simuksas: folds 
vitormahal: folds 
rafael.maes: folds 
Thefresh8: folds 
Franco2992: raises 250 to 500
Gabrielfs13: calls 500
OndeJogaste?: folds 
NTINAS1980: folds 
*** FLOP *** [Ks 6d Qh]
Franco2992: bets 404
Gabrielfs13: calls 404
*** TURN *** [Ks 6d Qh] [Td]
Franco2992: checks 
Gabrielfs13: checks 
*** RIVER *** [Ks 6d Qh Td] [9d]
Franco2992: checks 
Gabrielfs13: checks 
*** SHOW DOWN ***
Franco2992: shows [Qs 8s] (a pair of Queens)
Gabrielfs13: mucks hand 
Franco2992 collected 2423 from pot
*** SUMMARY ***
Total pot 2423 | Rake 0 
Board [Ks 6d Qh Td 9d]
Seat 1: vitormahal folded before Flop (didn't bet)
Seat 2: rafael.maes folded before Flop (didn't bet)
Seat 3: Thefresh8 folded before Flop (didn't bet)
Seat 4: Franco2992 showed [Qs 8s] and won (2423) with a pair of Queens
Seat 5: Gabrielfs13 (button) mucked [2d 2c]
Seat 6: OndeJogaste? (small blind) folded before Flop
Seat 7: NTINAS1980 (big blind) folded before Flop
Seat 8: simuksas folded before Flop (didn't bet)



PokerStars Hand #257021726159: Tournament #3908026922, $12.30+$12.25+$2.45 USD Hold'em No Limit - Level VIII (125/250) - 2025/07/20 13:38:04 BRT [2025/07/20 12:38:04 ET]
Table '3908026922 217' 8-max Seat #6 is the button
Seat 1: vitormahal (25289 in chips, $12.25 bounty) 
Seat 2: rafael.maes (16502 in chips, $12.25 bounty) 
Seat 3: Thefresh8 (9742 in chips, $12.25 bounty) 
Seat 4: Franco2992 (6814 in chips, $12.25 bounty) 
Seat 5: Gabrielfs13 (9381 in chips, $12.25 bounty) 
Seat 6: OndeJogaste? (10985 in chips, $12.25 bounty) 
Seat 7: NTINAS1980 (2018 in chips, $18.37 bounty) 
Seat 8: simuksas (9940 in chips, $12.25 bounty) 
vitormahal: posts the ante 30
rafael.maes: posts the ante 30
Thefresh8: posts the ante 30
Franco2992: posts the ante 30
Gabrielfs13: posts the ante 30
OndeJogaste?: posts the ante 30
NTINAS1980: posts the ante 30
simuksas: posts the ante 30
NTINAS1980: posts small blind 125
simuksas: posts big blind 250
*** HOLE CARDS ***
Dealt to Gabrielfs13 [Qd Jd]
vitormahal: folds 
rafael.maes: folds 
Thefresh8: raises 250 to 500
Franco2992: folds 
Gabrielfs13: calls 500
OndeJogaste?: folds 
NTINAS1980: folds 
simuksas: calls 250
*** FLOP *** [7h Kc 5c]
simuksas: checks 
Thefresh8: checks 
Gabrielfs13: bets 933
simuksas: calls 933
Thefresh8: folds 
*** TURN *** [7h Kc 5c] [As]
simuksas: checks 
Gabrielfs13: checks 
*** RIVER *** [7h Kc 5c As] [7s]
simuksas: checks 
Gabrielfs13: checks 
*** SHOW DOWN ***
simuksas: shows [6h 4c] (a pair of Sevens)
Gabrielfs13: shows [Qd Jd] (a pair of Sevens - Ace+King+Queen kicker)
Gabrielfs13 collected 3731 from pot
*** SUMMARY ***
Total pot 3731 | Rake 0 
Board [7h Kc 5c As 7s]
Seat 1: vitormahal folded before Flop (didn't bet)
Seat 2: rafael.maes folded before Flop (didn't bet)
Seat 3: Thefresh8 folded on the Flop
Seat 4: Franco2992 folded before Flop (didn't bet)
Seat 5: Gabrielfs13 showed [Qd Jd] and won (3731) with a pair of Sevens
Seat 6: OndeJogaste? (button) folded before Flop (didn't bet)
Seat 7: NTINAS1980 (small blind) folded before Flop
Seat 8: simuksas (big blind) showed [6h 4c] and lost with a pair of Sevens



PokerStars Hand #257021747689: Tournament #3908026922, $12.30+$12.25+$2.45 USD Hold'em No Limit - Level VIII (125/250) - 2025/07/20 13:39:35 BRT [2025/07/20 12:39:35 ET]
Table '3908026922 217' 8-max Seat #7 is the button
Seat 1: vitormahal (25259 in chips, $12.25 bounty) 
Seat 2: rafael.maes (16472 in chips, $12.25 bounty) 
Seat 3: Thefresh8 (9212 in chips, $12.25 bounty) 
Seat 4: Franco2992 (6784 in chips, $12.25 bounty) 
Seat 5: Gabrielfs13 (11649 in chips, $12.25 bounty) 
Seat 6: OndeJogaste? (10955 in chips, $12.25 bounty) 
Seat 7: NTINAS1980 (1863 in chips, $18.37 bounty) 
Seat 8: simuksas (8477 in chips, $12.25 bounty) 
vitormahal: posts the ante 30
rafael.maes: posts the ante 30
Thefresh8: posts the ante 30
Franco2992: posts the ante 30
Gabrielfs13: posts the ante 30
OndeJogaste?: posts the ante 30
NTINAS1980: posts the ante 30
simuksas: posts the ante 30
simuksas: posts small blind 125
vitormahal: posts big blind 250
*** HOLE CARDS ***
Dealt to Gabrielfs13 [8h Tc]
rafael.maes: folds 
Thefresh8: raises 250 to 500
Franco2992: folds 
Gabrielfs13: folds 
OndeJogaste?: folds 
NTINAS1980: folds 
simuksas: calls 375
vitormahal: calls 250
*** FLOP *** [6c Qc Th]
simuksas: checks 
vitormahal: checks 
Thefresh8: checks 
*** TURN *** [6c Qc Th] [2h]
simuksas: bets 1750
vitormahal: raises 22979 to 24729 and is all-in
Thefresh8: folds 
simuksas: folds 
Uncalled bet (22979) returned to vitormahal
vitormahal collected 5240 from pot
vitormahal: doesn't show hand 
*** SUMMARY ***
Total pot 5240 | Rake 0 
Board [6c Qc Th 2h]
Seat 1: vitormahal (big blind) collected (5240)
Seat 2: rafael.maes folded before Flop (didn't bet)
Seat 3: Thefresh8 folded on the Turn
Seat 4: Franco2992 folded before Flop (didn't bet)
Seat 5: Gabrielfs13 folded before Flop (didn't bet)
Seat 6: OndeJogaste? folded before Flop (didn't bet)
Seat 7: NTINAS1980 (button) folded before Flop (didn't bet)
Seat 8: simuksas (small blind) folded on the Turn



PokerStars Hand #257021766793: Tournament #3908026922, $12.30+$12.25+$2.45 USD Hold'em No Limit - Level VIII (125/250) - 2025/07/20 13:40:54 BRT [2025/07/20 12:40:54 ET]
Table '3908026922 217' 8-max Seat #8 is the button
Seat 1: vitormahal (28219 in chips, $12.25 bounty) 
Seat 2: rafael.maes (16442 in chips, $12.25 bounty) 
Seat 3: Thefresh8 (8682 in chips, $12.25 bounty) 
Seat 4: Franco2992 (6754 in chips, $12.25 bounty) 
Seat 5: Gabrielfs13 (11619 in chips, $12.25 bounty) 
Seat 6: OndeJogaste? (10925 in chips, $12.25 bounty) 
Seat 7: NTINAS1980 (1833 in chips, $18.37 bounty) 
Seat 8: simuksas (6197 in chips, $12.25 bounty) 
vitormahal: posts the ante 30
rafael.maes: posts the ante 30
Thefresh8: posts the ante 30
Franco2992: posts the ante 30
Gabrielfs13: posts the ante 30
OndeJogaste?: posts the ante 30
NTINAS1980: posts the ante 30
simuksas: posts the ante 30
vitormahal: posts small blind 125
rafael.maes: posts big blind 250
*** HOLE CARDS ***
Dealt to Gabrielfs13 [2c 2h]
Thefresh8: folds 
Franco2992: folds 
Gabrielfs13: raises 250 to 500
OndeJogaste?: folds 
NTINAS1980: raises 1303 to 1803 and is all-in
simuksas: raises 4364 to 6167 and is all-in
vitormahal: folds 
rafael.maes: raises 10245 to 16412 and is all-in
Gabrielfs13: folds 
Uncalled bet (10245) returned to rafael.maes
*** FLOP *** [Ac Kc 9h]
*** TURN *** [Ac Kc 9h] [8d]
*** RIVER *** [Ac Kc 9h 8d] [8s]
*** SHOW DOWN ***
rafael.maes: shows [Jc Qc] (a pair of Eights)
simuksas: shows [Qh Jh] (a pair of Eights)
rafael.maes collected 4364 from side pot
simuksas collected 4364 from side pot
NTINAS1980: shows [7c Ad] (two pair, Aces and Eights)
NTINAS1980 collected 6274 from main pot
*** SUMMARY ***
Total pot 15002 Main pot 6274. Side pot 8728. | Rake 0 
Board [Ac Kc 9h 8d 8s]
Seat 1: vitormahal (small blind) folded before Flop
Seat 2: rafael.maes (big blind) showed [Jc Qc] and won (4364) with a pair of Eights
Seat 3: Thefresh8 folded before Flop (didn't bet)
Seat 4: Franco2992 folded before Flop (didn't bet)
Seat 5: Gabrielfs13 folded before Flop
Seat 6: OndeJogaste? folded before Flop (didn't bet)
Seat 7: NTINAS1980 showed [7c Ad] and won (6274) with two pair, Aces and Eights
Seat 8: simuksas (button) showed [Qh Jh] and won (4364) with a pair of Eights



PokerStars Hand #257021779138: Tournament #3908026922, $12.30+$12.25+$2.45 USD Hold'em No Limit - Level VIII (125/250) - 2025/07/20 13:41:45 BRT [2025/07/20 12:41:45 ET]
Table '3908026922 217' 8-max Seat #1 is the button
Seat 1: vitormahal (28064 in chips, $12.25 bounty) 
Seat 2: rafael.maes (14609 in chips, $12.25 bounty) 
Seat 3: Thefresh8 (8652 in chips, $12.25 bounty) 
Seat 4: Franco2992 (6724 in chips, $12.25 bounty) 
Seat 5: Gabrielfs13 (11089 in chips, $12.25 bounty) 
Seat 6: OndeJogaste? (10895 in chips, $12.25 bounty) 
Seat 7: NTINAS1980 (6274 in chips, $18.37 bounty) 
Seat 8: simuksas (4364 in chips, $12.25 bounty) 
vitormahal: posts the ante 30
rafael.maes: posts the ante 30
Thefresh8: posts the ante 30
Franco2992: posts the ante 30
Gabrielfs13: posts the ante 30
OndeJogaste?: posts the ante 30
NTINAS1980: posts the ante 30
simuksas: posts the ante 30
rafael.maes: posts small blind 125
Thefresh8: posts big blind 250
*** HOLE CARDS ***
Dealt to Gabrielfs13 [Js Td]
Franco2992: folds 
Gabrielfs13: folds 
OndeJogaste?: folds 
NTINAS1980: folds 
simuksas: raises 250 to 500
vitormahal: raises 1125 to 1625
rafael.maes: calls 1500
Thefresh8: folds 
simuksas: folds 
*** FLOP *** [Jh 8s Tc]
rafael.maes: checks 
vitormahal: checks 
*** TURN *** [Jh 8s Tc] [Ah]
rafael.maes: checks 
vitormahal: bets 2671
rafael.maes: folds 
Uncalled bet (2671) returned to vitormahal
vitormahal collected 4240 from pot
vitormahal: doesn't show hand 
*** SUMMARY ***
Total pot 4240 | Rake 0 
Board [Jh 8s Tc Ah]
Seat 1: vitormahal (button) collected (4240)
Seat 2: rafael.maes (small blind) folded on the Turn
Seat 3: Thefresh8 (big blind) folded before Flop
Seat 4: Franco2992 folded before Flop (didn't bet)
Seat 5: Gabrielfs13 folded before Flop (didn't bet)
Seat 6: OndeJogaste? folded before Flop (didn't bet)
Seat 7: NTINAS1980 folded before Flop (didn't bet)
Seat 8: simuksas folded before Flop



PokerStars Hand #257021801188: Tournament #3908026922, $12.30+$12.25+$2.45 USD Hold'em No Limit - Level VIII (125/250) - 2025/07/20 13:43:17 BRT [2025/07/20 12:43:17 ET]
Table '3908026922 217' 8-max Seat #2 is the button
Seat 1: vitormahal (30649 in chips, $12.25 bounty) 
Seat 2: rafael.maes (12954 in chips, $12.25 bounty) 
Seat 3: Thefresh8 (8372 in chips, $12.25 bounty) 
Seat 4: Franco2992 (6694 in chips, $12.25 bounty) 
Seat 5: Gabrielfs13 (11059 in chips, $12.25 bounty) 
Seat 6: OndeJogaste? (10865 in chips, $12.25 bounty) 
Seat 7: NTINAS1980 (6244 in chips, $18.37 bounty) 
Seat 8: simuksas (3834 in chips, $12.25 bounty) 
vitormahal: posts the ante 30
rafael.maes: posts the ante 30
Thefresh8: posts the ante 30
Franco2992: posts the ante 30
Gabrielfs13: posts the ante 30
OndeJogaste?: posts the ante 30
NTINAS1980: posts the ante 30
simuksas: posts the ante 30
Thefresh8: posts small blind 125
Franco2992: posts big blind 250
*** HOLE CARDS ***
Dealt to Gabrielfs13 [Jd 7h]
Gabrielfs13: folds 
OndeJogaste?: folds 
NTINAS1980: folds 
simuksas: raises 3554 to 3804 and is all-in
vitormahal: folds 
rafael.maes: folds 
Thefresh8: folds 
Franco2992: folds 
Uncalled bet (3554) returned to simuksas
simuksas collected 865 from pot
simuksas: doesn't show hand 
*** SUMMARY ***
Total pot 865 | Rake 0 
Seat 1: vitormahal folded before Flop (didn't bet)
Seat 2: rafael.maes (button) folded before Flop (didn't bet)
Seat 3: Thefresh8 (small blind) folded before Flop
Seat 4: Franco2992 (big blind) folded before Flop
Seat 5: Gabrielfs13 folded before Flop (didn't bet)
Seat 6: OndeJogaste? folded before Flop (didn't bet)
Seat 7: NTINAS1980 folded before Flop (didn't bet)
Seat 8: simuksas collected (865)



PokerStars Hand #257021808992: Tournament #3908026922, $12.30+$12.25+$2.45 USD Hold'em No Limit - Level VIII (125/250) - 2025/07/20 13:43:49 BRT [2025/07/20 12:43:49 ET]
Table '3908026922 217' 8-max Seat #3 is the button
Seat 1: vitormahal (30619 in chips, $12.25 bounty) 
Seat 2: rafael.maes (12924 in chips, $12.25 bounty) 
Seat 3: Thefresh8 (8217 in chips, $12.25 bounty) 
Seat 4: Franco2992 (6414 in chips, $12.25 bounty) 
Seat 5: Gabrielfs13 (11029 in chips, $12.25 bounty) 
Seat 6: OndeJogaste? (10835 in chips, $12.25 bounty) 
Seat 7: NTINAS1980 (6214 in chips, $18.37 bounty) 
Seat 8: simuksas (4419 in chips, $12.25 bounty) 
vitormahal: posts the ante 30
rafael.maes: posts the ante 30
Thefresh8: posts the ante 30
Franco2992: posts the ante 30
Gabrielfs13: posts the ante 30
OndeJogaste?: posts the ante 30
NTINAS1980: posts the ante 30
simuksas: posts the ante 30
Franco2992: posts small blind 125
Gabrielfs13: posts big blind 250
*** HOLE CARDS ***
Dealt to Gabrielfs13 [Js Jd]
OndeJogaste?: folds 
NTINAS1980: folds 
simuksas: raises 250 to 500
vitormahal: raises 1125 to 1625
rafael.maes: folds 
Thefresh8: folds 
Franco2992: folds 
Gabrielfs13: raises 9374 to 10999 and is all-in
simuksas: folds 
vitormahal: folds 
Uncalled bet (9374) returned to Gabrielfs13
Gabrielfs13 collected 4115 from pot
Gabrielfs13: doesn't show hand 
*** SUMMARY ***
Total pot 4115 | Rake 0 
Seat 1: vitormahal folded before Flop
Seat 2: rafael.maes folded before Flop (didn't bet)
Seat 3: Thefresh8 (button) folded before Flop (didn't bet)
Seat 4: Franco2992 (small blind) folded before Flop
Seat 5: Gabrielfs13 (big blind) collected (4115)
Seat 6: OndeJogaste? folded before Flop (didn't bet)
Seat 7: NTINAS1980 folded before Flop (didn't bet)
Seat 8: simuksas folded before Flop



PokerStars Hand #257021822165: Tournament #3908026922, $12.30+$12.25+$2.45 USD Hold'em No Limit - Level VIII (125/250) - 2025/07/20 13:44:44 BRT [2025/07/20 12:44:44 ET]
Table '3908026922 217' 8-max Seat #4 is the button
Seat 1: vitormahal (28964 in chips, $12.25 bounty) 
Seat 2: rafael.maes (12894 in chips, $12.25 bounty) 
Seat 3: Thefresh8 (8187 in chips, $12.25 bounty) 
Seat 4: Franco2992 (6259 in chips, $12.25 bounty) 
Seat 5: Gabrielfs13 (13489 in chips, $12.25 bounty) 
Seat 6: OndeJogaste? (10805 in chips, $12.25 bounty) 
Seat 7: NTINAS1980 (6184 in chips, $18.37 bounty) 
Seat 8: simuksas (3889 in chips, $12.25 bounty) 
vitormahal: posts the ante 30
rafael.maes: posts the ante 30
Thefresh8: posts the ante 30
Franco2992: posts the ante 30
Gabrielfs13: posts the ante 30
OndeJogaste?: posts the ante 30
NTINAS1980: posts the ante 30
simuksas: posts the ante 30
Gabrielfs13: posts small blind 125
OndeJogaste?: posts big blind 250
*** HOLE CARDS ***
Dealt to Gabrielfs13 [Jh 7d]
NTINAS1980: folds 
simuksas: folds 
vitormahal: raises 250 to 500
rafael.maes: folds 
Thefresh8: folds 
Franco2992: raises 5500 to 6000
Gabrielfs13: folds 
OndeJogaste?: folds 
vitormahal: folds 
Uncalled bet (5500) returned to Franco2992
Franco2992 collected 1615 from pot
Franco2992: doesn't show hand 
*** SUMMARY ***
Total pot 1615 | Rake 0 
Seat 1: vitormahal folded before Flop
Seat 2: rafael.maes folded before Flop (didn't bet)
Seat 3: Thefresh8 folded before Flop (didn't bet)
Seat 4: Franco2992 (button) collected (1615)
Seat 5: Gabrielfs13 (small blind) folded before Flop
Seat 6: OndeJogaste? (big blind) folded before Flop
Seat 7: NTINAS1980 folded before Flop (didn't bet)
Seat 8: simuksas folded before Flop (didn't bet)



PokerStars Hand #257021834774: Tournament #3908026922, $12.30+$12.25+$2.45 USD Hold'em No Limit - Level VIII (125/250) - 2025/07/20 13:45:36 BRT [2025/07/20 12:45:36 ET]
Table '3908026922 217' 8-max Seat #5 is the button
Seat 1: vitormahal (28434 in chips, $12.25 bounty) 
Seat 2: rafael.maes (12864 in chips, $12.25 bounty) 
Seat 3: Thefresh8 (8157 in chips, $12.25 bounty) 
Seat 4: Franco2992 (7344 in chips, $12.25 bounty) 
Seat 5: Gabrielfs13 (13334 in chips, $12.25 bounty) 
Seat 6: OndeJogaste? (10525 in chips, $12.25 bounty) 
Seat 7: NTINAS1980 (6154 in chips, $18.37 bounty) 
Seat 8: simuksas (3859 in chips, $12.25 bounty) 
vitormahal: posts the ante 30
rafael.maes: posts the ante 30
Thefresh8: posts the ante 30
Franco2992: posts the ante 30
Gabrielfs13: posts the ante 30
OndeJogaste?: posts the ante 30
NTINAS1980: posts the ante 30
simuksas: posts the ante 30
OndeJogaste?: posts small blind 125
NTINAS1980: posts big blind 250
*** HOLE CARDS ***
Dealt to Gabrielfs13 [Td Ts]
simuksas: folds 
vitormahal: raises 250 to 500
rafael.maes: folds 
Thefresh8: folds 
Franco2992: folds 
Gabrielfs13: raises 1250 to 1750
OndeJogaste?: folds 
NTINAS1980: folds 
vitormahal: calls 1250
*** FLOP *** [Jd Qs Kc]
vitormahal: checks 
Gabrielfs13: bets 1250
vitormahal: calls 1250
*** TURN *** [Jd Qs Kc] [Qc]
vitormahal: checks 
Gabrielfs13: checks 
*** RIVER *** [Jd Qs Kc Qc] [8d]
vitormahal: checks 
Gabrielfs13: checks 
*** SHOW DOWN ***
vitormahal: shows [As Js] (two pair, Queens and Jacks)
Gabrielfs13: mucks hand 
vitormahal collected 6615 from pot
*** SUMMARY ***
Total pot 6615 | Rake 0 
Board [Jd Qs Kc Qc 8d]
Seat 1: vitormahal showed [As Js] and won (6615) with two pair, Queens and Jacks
Seat 2: rafael.maes folded before Flop (didn't bet)
Seat 3: Thefresh8 folded before Flop (didn't bet)
Seat 4: Franco2992 folded before Flop (didn't bet)
Seat 5: Gabrielfs13 (button) mucked [Td Ts]
Seat 6: OndeJogaste? (small blind) folded before Flop
Seat 7: NTINAS1980 (big blind) folded before Flop
Seat 8: simuksas folded before Flop (didn't bet)



PokerStars Hand #257021855374: Tournament #3908026922, $12.30+$12.25+$2.45 USD Hold'em No Limit - Level IX (150/300) - 2025/07/20 13:47:01 BRT [2025/07/20 12:47:01 ET]
Table '3908026922 217' 8-max Seat #6 is the button
Seat 1: vitormahal (32019 in chips, $12.25 bounty) 
Seat 2: rafael.maes (12834 in chips, $12.25 bounty) 
Seat 3: Thefresh8 (8127 in chips, $12.25 bounty) 
Seat 4: Franco2992 (7314 in chips, $12.25 bounty) 
Seat 5: Gabrielfs13 (10304 in chips, $12.25 bounty) 
Seat 6: OndeJogaste? (10370 in chips, $12.25 bounty) 
Seat 7: NTINAS1980 (5874 in chips, $18.37 bounty) 
Seat 8: simuksas (3829 in chips, $12.25 bounty) 
vitormahal: posts the ante 40
rafael.maes: posts the ante 40
Thefresh8: posts the ante 40
Franco2992: posts the ante 40
Gabrielfs13: posts the ante 40
OndeJogaste?: posts the ante 40
NTINAS1980: posts the ante 40
simuksas: posts the ante 40
NTINAS1980: posts small blind 150
simuksas: posts big blind 300
*** HOLE CARDS ***
Dealt to Gabrielfs13 [Ac Qh]
vitormahal: folds 
rafael.maes: folds 
Thefresh8: folds 
Franco2992: folds 
Gabrielfs13: raises 300 to 600
OndeJogaste?: calls 600
NTINAS1980: folds 
simuksas: calls 300
*** FLOP *** [5c 2d Ad]
simuksas: checks 
Gabrielfs13: bets 749
OndeJogaste?: folds 
simuksas: raises 2440 to 3189 and is all-in
Gabrielfs13: calls 2440
*** TURN *** [5c 2d Ad] [Td]
*** RIVER *** [5c 2d Ad Td] [Qd]
*** SHOW DOWN ***
simuksas: shows [Js 5s] (a pair of Fives)
Gabrielfs13: shows [Ac Qh] (two pair, Aces and Queens)
Gabrielfs13 collected 8648 from pot
Gabrielfs13 wins $6.13 for eliminating simuksas and their own bounty increases by $6.12 to $18.37
simuksas finished the tournament
*** SUMMARY ***
Total pot 8648 | Rake 0 
Board [5c 2d Ad Td Qd]
Seat 1: vitormahal folded before Flop (didn't bet)
Seat 2: rafael.maes folded before Flop (didn't bet)
Seat 3: Thefresh8 folded before Flop (didn't bet)
Seat 4: Franco2992 folded before Flop (didn't bet)
Seat 5: Gabrielfs13 showed [Ac Qh] and won (8648) with two pair, Aces and Queens
Seat 6: OndeJogaste? (button) folded on the Flop
Seat 7: NTINAS1980 (small blind) folded before Flop
Seat 8: simuksas (big blind) showed [Js 5s] and lost with a pair of Fives



PokerStars Hand #257021870049: Tournament #3908026922, $12.30+$12.25+$2.45 USD Hold'em No Limit - Level IX (150/300) - 2025/07/20 13:48:02 BRT [2025/07/20 12:48:02 ET]
Table '3908026922 217' 8-max Seat #7 is the button
Seat 1: vitormahal (31979 in chips, $12.25 bounty) 
Seat 2: rafael.maes (12794 in chips, $12.25 bounty) 
Seat 3: Thefresh8 (8087 in chips, $12.25 bounty) 
Seat 4: Franco2992 (7274 in chips, $12.25 bounty) 
Seat 5: Gabrielfs13 (15123 in chips, $18.37 bounty) 
Seat 6: OndeJogaste? (9730 in chips, $12.25 bounty) 
Seat 7: NTINAS1980 (5684 in chips, $18.37 bounty) 
vitormahal: posts the ante 40
rafael.maes: posts the ante 40
Thefresh8: posts the ante 40
Franco2992: posts the ante 40
Gabrielfs13: posts the ante 40
OndeJogaste?: posts the ante 40
NTINAS1980: posts the ante 40
vitormahal: posts small blind 150
rafael.maes: posts big blind 300
*** HOLE CARDS ***
Dealt to Gabrielfs13 [Tc 8s]
Thefresh8: folds 
Franco2992: raises 300 to 600
Gabrielfs13: folds 
OndeJogaste?: folds 
NTINAS1980: folds 
vitormahal: folds 
rafael.maes: folds 
Uncalled bet (300) returned to Franco2992
Franco2992 collected 1030 from pot
Franco2992: doesn't show hand 
*** SUMMARY ***
Total pot 1030 | Rake 0 
Seat 1: vitormahal (small blind) folded before Flop
Seat 2: rafael.maes (big blind) folded before Flop
Seat 3: Thefresh8 folded before Flop (didn't bet)
Seat 4: Franco2992 collected (1030)
Seat 5: Gabrielfs13 folded before Flop (didn't bet)
Seat 6: OndeJogaste? folded before Flop (didn't bet)
Seat 7: NTINAS1980 (button) folded before Flop (didn't bet)



PokerStars Hand #257021877803: Tournament #3908026922, $12.30+$12.25+$2.45 USD Hold'em No Limit - Level IX (150/300) - 2025/07/20 13:48:34 BRT [2025/07/20 12:48:34 ET]
Table '3908026922 217' 8-max Seat #1 is the button
Seat 1: vitormahal (31789 in chips, $12.25 bounty) 
Seat 2: rafael.maes (12454 in chips, $12.25 bounty) 
Seat 3: Thefresh8 (8047 in chips, $12.25 bounty) 
Seat 4: Franco2992 (7964 in chips, $12.25 bounty) 
Seat 5: Gabrielfs13 (15083 in chips, $18.37 bounty) 
Seat 6: OndeJogaste? (9690 in chips, $12.25 bounty) 
Seat 7: NTINAS1980 (5644 in chips, $18.37 bounty) 
Seat 8: LordHeavyPat (10000 in chips, $12.25 bounty) 
vitormahal: posts the ante 40
rafael.maes: posts the ante 40
Thefresh8: posts the ante 40
Franco2992: posts the ante 40
Gabrielfs13: posts the ante 40
OndeJogaste?: posts the ante 40
NTINAS1980: posts the ante 40
LordHeavyPat: posts the ante 40
rafael.maes: posts small blind 150
Thefresh8: posts big blind 300
*** HOLE CARDS ***
Dealt to Gabrielfs13 [6h Jd]
Franco2992: folds 
Gabrielfs13: folds 
OndeJogaste?: folds 
NTINAS1980: folds 
LordHeavyPat: folds 
vitormahal: raises 300 to 600
rafael.maes: folds 
Thefresh8: raises 7407 to 8007 and is all-in
vitormahal: folds 
Uncalled bet (7407) returned to Thefresh8
Thefresh8 collected 1670 from pot
*** SUMMARY ***
Total pot 1670 | Rake 0 
Seat 1: vitormahal (button) folded before Flop
Seat 2: rafael.maes (small blind) folded before Flop
Seat 3: Thefresh8 (big blind) collected (1670)
Seat 4: Franco2992 folded before Flop (didn't bet)
Seat 5: Gabrielfs13 folded before Flop (didn't bet)
Seat 6: OndeJogaste? folded before Flop (didn't bet)
Seat 7: NTINAS1980 folded before Flop (didn't bet)
Seat 8: LordHeavyPat folded before Flop (didn't bet)



PokerStars Hand #257021886136: Tournament #3908026922, $12.30+$12.25+$2.45 USD Hold'em No Limit - Level IX (150/300) - 2025/07/20 13:49:09 BRT [2025/07/20 12:49:09 ET]
Table '3908026922 217' 8-max Seat #2 is the button
Seat 1: vitormahal (31149 in chips, $12.25 bounty) 
Seat 2: rafael.maes (12264 in chips, $12.25 bounty) 
Seat 3: Thefresh8 (9077 in chips, $12.25 bounty) 
Seat 4: Franco2992 (7924 in chips, $12.25 bounty) 
Seat 5: Gabrielfs13 (15043 in chips, $18.37 bounty) 
Seat 6: OndeJogaste? (9650 in chips, $12.25 bounty) 
Seat 7: NTINAS1980 (5604 in chips, $18.37 bounty) 
Seat 8: LordHeavyPat (9960 in chips, $12.25 bounty) 
vitormahal: posts the ante 40
rafael.maes: posts the ante 40
Thefresh8: posts the ante 40
Franco2992: posts the ante 40
Gabrielfs13: posts the ante 40
OndeJogaste?: posts the ante 40
NTINAS1980: posts the ante 40
LordHeavyPat: posts the ante 40
Thefresh8: posts small blind 150
Franco2992: posts big blind 300
*** HOLE CARDS ***
Dealt to Gabrielfs13 [2d 3h]
Gabrielfs13: folds 
OndeJogaste?: folds 
NTINAS1980: folds 
LordHeavyPat: raises 300 to 600
vitormahal: folds 
rafael.maes: folds 
Thefresh8: calls 450
Franco2992: calls 300
*** FLOP *** [4c 2s Ks]
Thefresh8: checks 
Franco2992: checks 
LordHeavyPat: checks 
*** TURN *** [4c 2s Ks] [2c]
Thefresh8: bets 1272
Franco2992: folds 
LordHeavyPat: folds 
Uncalled bet (1272) returned to Thefresh8
Thefresh8 collected 2120 from pot
*** SUMMARY ***
Total pot 2120 | Rake 0 
Board [4c 2s Ks 2c]
Seat 1: vitormahal folded before Flop (didn't bet)
Seat 2: rafael.maes (button) folded before Flop (didn't bet)
Seat 3: Thefresh8 (small blind) collected (2120)
Seat 4: Franco2992 (big blind) folded on the Turn
Seat 5: Gabrielfs13 folded before Flop (didn't bet)
Seat 6: OndeJogaste? folded before Flop (didn't bet)
Seat 7: NTINAS1980 folded before Flop (didn't bet)
Seat 8: LordHeavyPat folded on the Turn



PokerStars Hand #257021903979: Tournament #3908026922, $12.30+$12.25+$2.45 USD Hold'em No Limit - Level IX (150/300) - 2025/07/20 13:50:24 BRT [2025/07/20 12:50:24 ET]
Table '3908026922 217' 8-max Seat #3 is the button
Seat 1: vitormahal (31109 in chips, $12.25 bounty) 
Seat 2: rafael.maes (12224 in chips, $12.25 bounty) 
Seat 3: Thefresh8 (10557 in chips, $12.25 bounty) 
Seat 4: Franco2992 (7284 in chips, $12.25 bounty) 
Seat 5: Gabrielfs13 (15003 in chips, $18.37 bounty) 
Seat 6: OndeJogaste? (9610 in chips, $12.25 bounty) 
Seat 7: NTINAS1980 (5564 in chips, $18.37 bounty) 
Seat 8: LordHeavyPat (9320 in chips, $12.25 bounty) 
vitormahal: posts the ante 40
rafael.maes: posts the ante 40
Thefresh8: posts the ante 40
Franco2992: posts the ante 40
Gabrielfs13: posts the ante 40
OndeJogaste?: posts the ante 40
NTINAS1980: posts the ante 40
LordHeavyPat: posts the ante 40
Franco2992: posts small blind 150
Gabrielfs13: posts big blind 300
*** HOLE CARDS ***
Dealt to Gabrielfs13 [9c Ts]
OndeJogaste?: folds 
NTINAS1980: raises 300 to 600
LordHeavyPat: folds 
vitormahal: raises 1350 to 1950
rafael.maes: folds 
Thefresh8: folds 
Franco2992: folds 
Gabrielfs13: folds 
NTINAS1980: calls 1350
*** FLOP *** [Jh Kc 5h]
NTINAS1980: checks 
vitormahal: bets 3503
NTINAS1980: raises 71 to 3574 and is all-in
vitormahal: calls 71
*** TURN *** [Jh Kc 5h] [8h]
*** RIVER *** [Jh Kc 5h 8h] [Js]
*** SHOW DOWN ***
NTINAS1980: shows [5s As] (two pair, Jacks and Fives)
vitormahal: shows [Kh Qc] (two pair, Kings and Jacks)
vitormahal collected 11818 from pot
vitormahal wins $9.19 for eliminating NTINAS1980 and their own bounty increases by $9.18 to $21.43
NTINAS1980 finished the tournament
*** SUMMARY ***
Total pot 11818 | Rake 0 
Board [Jh Kc 5h 8h Js]
Seat 1: vitormahal showed [Kh Qc] and won (11818) with two pair, Kings and Jacks
Seat 2: rafael.maes folded before Flop (didn't bet)
Seat 3: Thefresh8 (button) folded before Flop (didn't bet)
Seat 4: Franco2992 (small blind) folded before Flop
Seat 5: Gabrielfs13 (big blind) folded before Flop
Seat 6: OndeJogaste? folded before Flop (didn't bet)
Seat 7: NTINAS1980 showed [5s As] and lost with two pair, Jacks and Fives
Seat 8: LordHeavyPat folded before Flop (didn't bet)



PokerStars Hand #257021917343: Tournament #3908026922, $12.30+$12.25+$2.45 USD Hold'em No Limit - Level IX (150/300) - 2025/07/20 13:51:19 BRT [2025/07/20 12:51:19 ET]
Table '3908026922 217' 8-max Seat #4 is the button
Seat 1: vitormahal (37363 in chips, $21.43 bounty) 
Seat 2: rafael.maes (12184 in chips, $12.25 bounty) 
Seat 3: Thefresh8 (10517 in chips, $12.25 bounty) 
Seat 4: Franco2992 (7094 in chips, $12.25 bounty) 
Seat 5: Gabrielfs13 (14663 in chips, $18.37 bounty) 
Seat 6: OndeJogaste? (9570 in chips, $12.25 bounty) 
Seat 8: LordHeavyPat (9280 in chips, $12.25 bounty) 
vitormahal: posts the ante 40
rafael.maes: posts the ante 40
Thefresh8: posts the ante 40
Franco2992: posts the ante 40
Gabrielfs13: posts the ante 40
OndeJogaste?: posts the ante 40
LordHeavyPat: posts the ante 40
Gabrielfs13: posts small blind 150
OndeJogaste?: posts big blind 300
*** HOLE CARDS ***
Dealt to Gabrielfs13 [6c 4c]
LordHeavyPat: folds 
vitormahal: folds 
rafael.maes: folds 
Thefresh8: folds 
Franco2992: raises 300 to 600
Gabrielfs13: calls 450
OndeJogaste?: folds 
*** FLOP *** [2d 9h Ks]
Gabrielfs13: checks 
Franco2992: bets 445
Gabrielfs13: raises 1055 to 1500
Franco2992: calls 1055
*** TURN *** [2d 9h Ks] [5c]
Gabrielfs13: bets 1500
Franco2992: folds 
Uncalled bet (1500) returned to Gabrielfs13
Gabrielfs13 collected 4780 from pot
Gabrielfs13: doesn't show hand 
*** SUMMARY ***
Total pot 4780 | Rake 0 
Board [2d 9h Ks 5c]
Seat 1: vitormahal folded before Flop (didn't bet)
Seat 2: rafael.maes folded before Flop (didn't bet)
Seat 3: Thefresh8 folded before Flop (didn't bet)
Seat 4: Franco2992 (button) folded on the Turn
Seat 5: Gabrielfs13 (small blind) collected (4780)
Seat 6: OndeJogaste? (big blind) folded before Flop
Seat 8: LordHeavyPat folded before Flop (didn't bet)



PokerStars Hand #257021931571: Tournament #3908026922, $12.30+$12.25+$2.45 USD Hold'em No Limit - Level IX (150/300) - 2025/07/20 13:52:19 BRT [2025/07/20 12:52:19 ET]
Table '3908026922 217' 8-max Seat #5 is the button
Seat 1: vitormahal (37323 in chips, $21.43 bounty) 
Seat 2: rafael.maes (12144 in chips, $12.25 bounty) 
Seat 3: Thefresh8 (10477 in chips, $12.25 bounty) 
Seat 4: Franco2992 (4954 in chips, $12.25 bounty) 
Seat 5: Gabrielfs13 (17303 in chips, $18.37 bounty) 
Seat 6: OndeJogaste? (9230 in chips, $12.25 bounty) 
Seat 7: vaggelis1982 (32874 in chips, $24.49 bounty) 
Seat 8: LordHeavyPat (9240 in chips, $12.25 bounty) 
vitormahal: posts the ante 40
rafael.maes: posts the ante 40
Thefresh8: posts the ante 40
Franco2992: posts the ante 40
Gabrielfs13: posts the ante 40
OndeJogaste?: posts the ante 40
vaggelis1982: posts the ante 40
LordHeavyPat: posts the ante 40
OndeJogaste?: posts small blind 150
vaggelis1982: posts big blind 300
*** HOLE CARDS ***
Dealt to Gabrielfs13 [4h Kc]
LordHeavyPat: raises 300 to 600
vitormahal: folds 
rafael.maes: folds 
Thefresh8: folds 
Franco2992: raises 4314 to 4914 and is all-in
Gabrielfs13: folds 
OndeJogaste?: folds 
vaggelis1982: folds 
LordHeavyPat: calls 4314
*** FLOP *** [As 3d 9s]
*** TURN *** [As 3d 9s] [Qs]
*** RIVER *** [As 3d 9s Qs] [7c]
*** SHOW DOWN ***
LordHeavyPat: shows [Ad Kh] (a pair of Aces)
Franco2992: shows [Ts Ac] (a pair of Aces - lower kicker)
LordHeavyPat collected 10598 from pot
Franco2992 is sitting out
LordHeavyPat wins $6.13 for eliminating Franco2992 and their own bounty increases by $6.12 to $18.37
Franco2992 finished the tournament
*** SUMMARY ***
Total pot 10598 | Rake 0 
Board [As 3d 9s Qs 7c]
Seat 1: vitormahal folded before Flop (didn't bet)
Seat 2: rafael.maes folded before Flop (didn't bet)
Seat 3: Thefresh8 folded before Flop (didn't bet)
Seat 4: Franco2992 showed [Ts Ac] and lost with a pair of Aces
Seat 5: Gabrielfs13 (button) folded before Flop (didn't bet)
Seat 6: OndeJogaste? (small blind) folded before Flop
Seat 7: vaggelis1982 (big blind) folded before Flop
Seat 8: LordHeavyPat showed [Ad Kh] and won (10598) with a pair of Aces



PokerStars Hand #257021942923: Tournament #3908026922, $12.30+$12.25+$2.45 USD Hold'em No Limit - Level IX (150/300) - 2025/07/20 13:53:07 BRT [2025/07/20 12:53:07 ET]
Table '3908026922 217' 8-max Seat #6 is the button
Seat 1: vitormahal (37283 in chips, $21.43 bounty) 
Seat 2: rafael.maes (12104 in chips, $12.25 bounty) 
Seat 3: Thefresh8 (10437 in chips, $12.25 bounty) 
Seat 5: Gabrielfs13 (17263 in chips, $18.37 bounty) 
Seat 6: OndeJogaste? (9040 in chips, $12.25 bounty) 
Seat 7: vaggelis1982 (32534 in chips, $24.49 bounty) 
Seat 8: LordHeavyPat (14884 in chips, $18.37 bounty) 
vitormahal: posts the ante 40
rafael.maes: posts the ante 40
Thefresh8: posts the ante 40
Gabrielfs13: posts the ante 40
OndeJogaste?: posts the ante 40
vaggelis1982: posts the ante 40
LordHeavyPat: posts the ante 40
vaggelis1982: posts small blind 150
LordHeavyPat: posts big blind 300
*** HOLE CARDS ***
Dealt to Gabrielfs13 [3c Kh]
vitormahal: raises 300 to 600
rafael.maes: raises 11464 to 12064 and is all-in
Thefresh8: folds 
Gabrielfs13: folds 
OndeJogaste?: folds 
vaggelis1982: folds 
LordHeavyPat: raises 2780 to 14844 and is all-in
vitormahal: folds 
Uncalled bet (2780) returned to LordHeavyPat
*** FLOP *** [8h 8c Jd]
*** TURN *** [8h 8c Jd] [6h]
*** RIVER *** [8h 8c Jd 6h] [7s]
*** SHOW DOWN ***
LordHeavyPat: shows [Ts Th] (two pair, Tens and Eights)
rafael.maes: shows [Ah Ks] (a pair of Eights)
LordHeavyPat collected 25158 from pot
LordHeavyPat wins $6.13 for eliminating rafael.maes and their own bounty increases by $6.12 to $24.49
rafael.maes finished the tournament
niilasson is disconnected 
Will1909 is disconnected 
*** SUMMARY ***
Total pot 25158 | Rake 0 
Board [8h 8c Jd 6h 7s]
Seat 1: vitormahal folded before Flop
Seat 2: rafael.maes showed [Ah Ks] and lost with a pair of Eights
Seat 3: Thefresh8 folded before Flop (didn't bet)
Seat 5: Gabrielfs13 folded before Flop (didn't bet)
Seat 6: OndeJogaste? (button) folded before Flop (didn't bet)
Seat 7: vaggelis1982 (small blind) folded before Flop
Seat 8: LordHeavyPat (big blind) showed [Ts Th] and won (25158) with two pair, Tens and Eights



PokerStars Hand #257021954381: Tournament #3908026922, $12.30+$12.25+$2.45 USD Hold'em No Limit - Level IX (150/300) - 2025/07/20 13:53:55 BRT [2025/07/20 12:53:55 ET]
Table '3908026922 217' 8-max Seat #7 is the button
Seat 1: vitormahal (36643 in chips, $21.43 bounty) 
Seat 2: niilasson (17280 in chips, $18.37 bounty) 
Seat 3: Thefresh8 (10397 in chips, $12.25 bounty) 
Seat 4: Will1909 (10000 in chips, $12.25 bounty) 
Seat 5: Gabrielfs13 (17223 in chips, $18.37 bounty) 
Seat 6: OndeJogaste? (9000 in chips, $12.25 bounty) 
Seat 7: vaggelis1982 (32344 in chips, $24.49 bounty) 
Seat 8: LordHeavyPat (27938 in chips, $24.49 bounty) 
vitormahal: posts the ante 40
niilasson: posts the ante 40
Thefresh8: posts the ante 40
Will1909: posts the ante 40
Gabrielfs13: posts the ante 40
OndeJogaste?: posts the ante 40
vaggelis1982: posts the ante 40
LordHeavyPat: posts the ante 40
LordHeavyPat: posts small blind 150
vitormahal: posts big blind 300
*** HOLE CARDS ***
Dealt to Gabrielfs13 [3s 5s]
niilasson: folds 
Thefresh8: folds 
Will1909: folds 
Gabrielfs13: folds 
OndeJogaste?: folds 
vaggelis1982: raises 300 to 600
LordHeavyPat: calls 450
vitormahal: folds 
*** FLOP *** [Ks As 9c]
LordHeavyPat: checks 
vaggelis1982: bets 680
LordHeavyPat: calls 680
*** TURN *** [Ks As 9c] [8h]
LordHeavyPat: checks 
vaggelis1982: checks 
*** RIVER *** [Ks As 9c 8h] [Td]
LordHeavyPat: checks 
vaggelis1982: bets 4720
LordHeavyPat: folds 
Uncalled bet (4720) returned to vaggelis1982
vaggelis1982 collected 3180 from pot
*** SUMMARY ***
Total pot 3180 | Rake 0 
Board [Ks As 9c 8h Td]
Seat 1: vitormahal (big blind) folded before Flop
Seat 2: niilasson folded before Flop (didn't bet)
Seat 3: Thefresh8 folded before Flop (didn't bet)
Seat 4: Will1909 folded before Flop (didn't bet)
Seat 5: Gabrielfs13 folded before Flop (didn't bet)
Seat 6: OndeJogaste? folded before Flop (didn't bet)
Seat 7: vaggelis1982 (button) collected (3180)
Seat 8: LordHeavyPat (small blind) folded on the River



PokerStars Hand #257022063866: Tournament #3908026922, $12.30+$12.25+$2.45 USD Hold'em No Limit - Level IX (150/300) - 2025/07/20 14:03:53 BRT [2025/07/20 13:03:53 ET]
Table '3908026922 217' 8-max Seat #8 is the button
Seat 1: vitormahal (36303 in chips, $21.43 bounty) 
Seat 2: niilasson (17240 in chips, $18.37 bounty) 
Seat 3: Thefresh8 (10357 in chips, $12.25 bounty) 
Seat 4: Will1909 (9960 in chips, $12.25 bounty) 
Seat 5: Gabrielfs13 (17183 in chips, $18.37 bounty) 
Seat 6: OndeJogaste? (8960 in chips, $12.25 bounty) 
Seat 7: vaggelis1982 (34204 in chips, $24.49 bounty) 
Seat 8: LordHeavyPat (26618 in chips, $24.49 bounty) 
vitormahal: posts the ante 40
niilasson: posts the ante 40
Thefresh8: posts the ante 40
Will1909: posts the ante 40
Gabrielfs13: posts the ante 40
OndeJogaste?: posts the ante 40
vaggelis1982: posts the ante 40
LordHeavyPat: posts the ante 40
vitormahal: posts small blind 150
niilasson: posts big blind 300
*** HOLE CARDS ***
Dealt to Gabrielfs13 [8s Qd]
Thefresh8: raises 300 to 600
Will1909: folds 
Gabrielfs13: folds 
OndeJogaste?: folds 
vaggelis1982: folds 
LordHeavyPat: folds 
vitormahal: folds 
niilasson: calls 300
*** FLOP *** [Th 2c 2h]
niilasson: checks 
Thefresh8: bets 551
niilasson: folds 
Uncalled bet (551) returned to Thefresh8
Thefresh8 collected 1670 from pot
*** SUMMARY ***
Total pot 1670 | Rake 0 
Board [Th 2c 2h]
Seat 1: vitormahal (small blind) folded before Flop
Seat 2: niilasson (big blind) folded on the Flop
Seat 3: Thefresh8 collected (1670)
Seat 4: Will1909 folded before Flop (didn't bet)
Seat 5: Gabrielfs13 folded before Flop (didn't bet)
Seat 6: OndeJogaste? folded before Flop (didn't bet)
Seat 7: vaggelis1982 folded before Flop (didn't bet)
Seat 8: LordHeavyPat (button) folded before Flop (didn't bet)



PokerStars Hand #257022075744: Tournament #3908026922, $12.30+$12.25+$2.45 USD Hold'em No Limit - Level IX (150/300) - 2025/07/20 14:04:42 BRT [2025/07/20 13:04:42 ET]
Table '3908026922 217' 8-max Seat #1 is the button
Seat 1: vitormahal (36113 in chips, $21.43 bounty) 
Seat 2: niilasson (16600 in chips, $18.37 bounty) 
Seat 3: Thefresh8 (11387 in chips, $12.25 bounty) 
Seat 4: Will1909 (9920 in chips, $12.25 bounty) 
Seat 5: Gabrielfs13 (17143 in chips, $18.37 bounty) 
Seat 6: OndeJogaste? (8920 in chips, $12.25 bounty) 
Seat 7: vaggelis1982 (34164 in chips, $24.49 bounty) 
Seat 8: LordHeavyPat (26578 in chips, $24.49 bounty) 
vitormahal: posts the ante 40
niilasson: posts the ante 40
Thefresh8: posts the ante 40
Will1909: posts the ante 40
Gabrielfs13: posts the ante 40
OndeJogaste?: posts the ante 40
vaggelis1982: posts the ante 40
LordHeavyPat: posts the ante 40
niilasson: posts small blind 150
Thefresh8: posts big blind 300
*** HOLE CARDS ***
Dealt to Gabrielfs13 [6c 7h]
Will1909: folds 
Gabrielfs13: folds 
OndeJogaste?: folds 
vaggelis1982: folds 
LordHeavyPat: raises 300 to 600
vitormahal: folds 
niilasson: folds 
Thefresh8: calls 300
*** FLOP *** [2h 7s 7d]
Thefresh8: checks 
LordHeavyPat: checks 
*** TURN *** [2h 7s 7d] [4d]
Thefresh8: bets 1200
LordHeavyPat: folds 
Uncalled bet (1200) returned to Thefresh8
Thefresh8 collected 1670 from pot
*** SUMMARY ***
Total pot 1670 | Rake 0 
Board [2h 7s 7d 4d]
Seat 1: vitormahal (button) folded before Flop (didn't bet)
Seat 2: niilasson (small blind) folded before Flop
Seat 3: Thefresh8 (big blind) collected (1670)
Seat 4: Will1909 folded before Flop (didn't bet)
Seat 5: Gabrielfs13 folded before Flop (didn't bet)
Seat 6: OndeJogaste? folded before Flop (didn't bet)
Seat 7: vaggelis1982 folded before Flop (didn't bet)
Seat 8: LordHeavyPat folded on the Turn



PokerStars Hand #257022099116: Tournament #3908026922, $12.30+$12.25+$2.45 USD Hold'em No Limit - Level IX (150/300) - 2025/07/20 14:06:15 BRT [2025/07/20 13:06:15 ET]
Table '3908026922 217' 8-max Seat #2 is the button
Seat 1: vitormahal (36073 in chips, $21.43 bounty) 
Seat 2: niilasson (16410 in chips, $18.37 bounty) 
Seat 3: Thefresh8 (12417 in chips, $12.25 bounty) 
Seat 4: Will1909 (9880 in chips, $12.25 bounty) 
Seat 5: Gabrielfs13 (17103 in chips, $18.37 bounty) 
Seat 6: OndeJogaste? (8880 in chips, $12.25 bounty) 
Seat 7: vaggelis1982 (34124 in chips, $24.49 bounty) 
Seat 8: LordHeavyPat (25938 in chips, $24.49 bounty) 
vitormahal: posts the ante 40
niilasson: posts the ante 40
Thefresh8: posts the ante 40
Will1909: posts the ante 40
Gabrielfs13: posts the ante 40
OndeJogaste?: posts the ante 40
vaggelis1982: posts the ante 40
LordHeavyPat: posts the ante 40
Thefresh8: posts small blind 150
Will1909: posts big blind 300
*** HOLE CARDS ***
Dealt to Gabrielfs13 [7c Qh]
Gabrielfs13: folds 
OndeJogaste?: folds 
vaggelis1982: raises 300 to 600
LordHeavyPat: calls 600
vitormahal: raises 2550 to 3150
niilasson: folds 
Thefresh8: folds 
Will1909: raises 6690 to 9840 and is all-in
vaggelis1982: folds 
LordHeavyPat: folds 
vitormahal: calls 6690
*** FLOP *** [Tc Qc Qs]
*** TURN *** [Tc Qc Qs] [2s]
*** RIVER *** [Tc Qc Qs 2s] [9c]
*** SHOW DOWN ***
Will1909: shows [Ah Kd] (a pair of Queens)
vitormahal: shows [Kh Qd] (three of a kind, Queens)
vitormahal collected 21350 from pot
vitormahal wins $6.13 for eliminating Will1909 and their own bounty increases by $6.12 to $27.55
Will1909 finished the tournament
*** SUMMARY ***
Total pot 21350 | Rake 0 
Board [Tc Qc Qs 2s 9c]
Seat 1: vitormahal showed [Kh Qd] and won (21350) with three of a kind, Queens
Seat 2: niilasson (button) folded before Flop (didn't bet)
Seat 3: Thefresh8 (small blind) folded before Flop
Seat 4: Will1909 (big blind) showed [Ah Kd] and lost with a pair of Queens
Seat 5: Gabrielfs13 folded before Flop (didn't bet)
Seat 6: OndeJogaste? folded before Flop (didn't bet)
Seat 7: vaggelis1982 folded before Flop
Seat 8: LordHeavyPat folded before Flop



PokerStars Hand #257022116666: Tournament #3908026922, $12.30+$12.25+$2.45 USD Hold'em No Limit - Level X (200/400) - 2025/07/20 14:07:25 BRT [2025/07/20 13:07:25 ET]
Table '3908026922 217' 8-max Seat #3 is the button
Seat 1: vitormahal (47543 in chips, $27.55 bounty) 
Seat 2: niilasson (16370 in chips, $18.37 bounty) 
Seat 3: Thefresh8 (12227 in chips, $12.25 bounty) 
Seat 5: Gabrielfs13 (17063 in chips, $18.37 bounty) 
Seat 6: OndeJogaste? (8840 in chips, $12.25 bounty) 
Seat 7: vaggelis1982 (33484 in chips, $24.49 bounty) 
Seat 8: LordHeavyPat (25298 in chips, $24.49 bounty) 
vitormahal: posts the ante 50
niilasson: posts the ante 50
Thefresh8: posts the ante 50
Gabrielfs13: posts the ante 50
OndeJogaste?: posts the ante 50
vaggelis1982: posts the ante 50
LordHeavyPat: posts the ante 50
Gabrielfs13: posts small blind 200
OndeJogaste?: posts big blind 400
*** HOLE CARDS ***
Dealt to Gabrielfs13 [Ah 4s]
vaggelis1982: raises 400 to 800
LordHeavyPat: calls 800
vitormahal: folds 
niilasson: folds 
Clandestin07 is disconnected 
Thefresh8: folds 
Gabrielfs13: folds 
OndeJogaste?: folds 
*** FLOP *** [Kd 7d Td]
vaggelis1982: checks 
LordHeavyPat: bets 1600
vaggelis1982: folds 
Uncalled bet (1600) returned to LordHeavyPat
LordHeavyPat collected 2550 from pot
*** SUMMARY ***
Total pot 2550 | Rake 0 
Board [Kd 7d Td]
Seat 1: vitormahal folded before Flop (didn't bet)
Seat 2: niilasson folded before Flop (didn't bet)
Seat 3: Thefresh8 (button) folded before Flop (didn't bet)
Seat 5: Gabrielfs13 (small blind) folded before Flop
Seat 6: OndeJogaste? (big blind) folded before Flop
Seat 7: vaggelis1982 folded on the Flop
Seat 8: LordHeavyPat collected (2550)



PokerStars Hand #257022128928: Tournament #3908026922, $12.30+$12.25+$2.45 USD Hold'em No Limit - Level X (200/400) - 2025/07/20 14:08:14 BRT [2025/07/20 13:08:14 ET]
Table '3908026922 217' 8-max Seat #5 is the button
Seat 1: vitormahal (47493 in chips, $27.55 bounty) 
Seat 2: niilasson (16320 in chips, $18.37 bounty) 
Seat 3: Thefresh8 (12177 in chips, $12.25 bounty) 
Seat 4: Clandestin07 (8488 in chips, $18.37 bounty) 
Seat 5: Gabrielfs13 (16813 in chips, $18.37 bounty) 
Seat 6: OndeJogaste? (8390 in chips, $12.25 bounty) 
Seat 7: vaggelis1982 (32634 in chips, $24.49 bounty) 
Seat 8: LordHeavyPat (26998 in chips, $24.49 bounty) 
vitormahal: posts the ante 50
niilasson: posts the ante 50
Thefresh8: posts the ante 50
Clandestin07: posts the ante 50
Gabrielfs13: posts the ante 50
OndeJogaste?: posts the ante 50
vaggelis1982: posts the ante 50
LordHeavyPat: posts the ante 50
OndeJogaste?: posts small blind 200
vaggelis1982: posts big blind 400
*** HOLE CARDS ***
Dealt to Gabrielfs13 [4c 6h]
LordHeavyPat: folds 
vitormahal: folds 
niilasson: folds 
Thefresh8: raises 400 to 800
Clandestin07: folds 
Gabrielfs13: folds 
OndeJogaste?: folds 
vaggelis1982: calls 400
*** FLOP *** [Ac 8c 2d]
vaggelis1982: checks 
Thefresh8: bets 726
vaggelis1982: folds 
Uncalled bet (726) returned to Thefresh8
Thefresh8 collected 2200 from pot
*** SUMMARY ***
Total pot 2200 | Rake 0 
Board [Ac 8c 2d]
Seat 1: vitormahal folded before Flop (didn't bet)
Seat 2: niilasson folded before Flop (didn't bet)
Seat 3: Thefresh8 collected (2200)
Seat 4: Clandestin07 folded before Flop (didn't bet)
Seat 5: Gabrielfs13 (button) folded before Flop (didn't bet)
Seat 6: OndeJogaste? (small blind) folded before Flop
Seat 7: vaggelis1982 (big blind) folded on the Flop
Seat 8: LordHeavyPat folded before Flop (didn't bet)



PokerStars Hand #257022145946: Tournament #3908026922, $12.30+$12.25+$2.45 USD Hold'em No Limit - Level X (200/400) - 2025/07/20 14:09:22 BRT [2025/07/20 13:09:22 ET]
Table '3908026922 217' 8-max Seat #6 is the button
Seat 1: vitormahal (47443 in chips, $27.55 bounty) 
Seat 2: niilasson (16270 in chips, $18.37 bounty) 
Seat 3: Thefresh8 (13527 in chips, $12.25 bounty) 
Seat 4: Clandestin07 (8438 in chips, $18.37 bounty) 
Seat 5: Gabrielfs13 (16763 in chips, $18.37 bounty) 
Seat 6: OndeJogaste? (8140 in chips, $12.25 bounty) 
Seat 7: vaggelis1982 (31784 in chips, $24.49 bounty) 
Seat 8: LordHeavyPat (26948 in chips, $24.49 bounty) 
vitormahal: posts the ante 50
niilasson: posts the ante 50
Thefresh8: posts the ante 50
Clandestin07: posts the ante 50
Gabrielfs13: posts the ante 50
OndeJogaste?: posts the ante 50
vaggelis1982: posts the ante 50
LordHeavyPat: posts the ante 50
vaggelis1982: posts small blind 200
LordHeavyPat: posts big blind 400
*** HOLE CARDS ***
Dealt to Gabrielfs13 [6c Td]
vitormahal: folds 
niilasson: folds 
Thefresh8: folds 
Clandestin07: folds 
Gabrielfs13: folds 
OndeJogaste?: raises 400 to 800
vaggelis1982: folds 
LordHeavyPat: calls 400
*** FLOP *** [2s 2h 2c]
LordHeavyPat: checks 
OndeJogaste?: bets 550
LordHeavyPat: calls 550
*** TURN *** [2s 2h 2c] [7d]
LordHeavyPat: checks 
OndeJogaste?: checks 
*** RIVER *** [2s 2h 2c 7d] [Th]
LordHeavyPat: checks 
OndeJogaste?: checks 
*** SHOW DOWN ***
LordHeavyPat: shows [Kc Qc] (three of a kind, Deuces)
OndeJogaste?: mucks hand 
LordHeavyPat collected 3300 from pot
*** SUMMARY ***
Total pot 3300 | Rake 0 
Board [2s 2h 2c 7d Th]
Seat 1: vitormahal folded before Flop (didn't bet)
Seat 2: niilasson folded before Flop (didn't bet)
Seat 3: Thefresh8 folded before Flop (didn't bet)
Seat 4: Clandestin07 folded before Flop (didn't bet)
Seat 5: Gabrielfs13 folded before Flop (didn't bet)
Seat 6: OndeJogaste? (button) mucked [9c Qh]
Seat 7: vaggelis1982 (small blind) folded before Flop
Seat 8: LordHeavyPat (big blind) showed [Kc Qc] and won (3300) with three of a kind, Deuces



PokerStars Hand #257022168443: Tournament #3908026922, $12.30+$12.25+$2.45 USD Hold'em No Limit - Level X (200/400) - 2025/07/20 14:10:50 BRT [2025/07/20 13:10:50 ET]
Table '3908026922 217' 8-max Seat #7 is the button
Seat 1: vitormahal (47393 in chips, $27.55 bounty) 
Seat 2: niilasson (16220 in chips, $18.37 bounty) 
Seat 3: Thefresh8 (13477 in chips, $12.25 bounty) 
Seat 4: Clandestin07 (8388 in chips, $18.37 bounty) 
Seat 5: Gabrielfs13 (16713 in chips, $18.37 bounty) 
Seat 6: OndeJogaste? (6740 in chips, $12.25 bounty) 
Seat 7: vaggelis1982 (31534 in chips, $24.49 bounty) 
Seat 8: LordHeavyPat (28848 in chips, $24.49 bounty) 
vitormahal: posts the ante 50
niilasson: posts the ante 50
Thefresh8: posts the ante 50
Clandestin07: posts the ante 50
Gabrielfs13: posts the ante 50
OndeJogaste?: posts the ante 50
vaggelis1982: posts the ante 50
LordHeavyPat: posts the ante 50
LordHeavyPat: posts small blind 200
vitormahal: posts big blind 400
*** HOLE CARDS ***
Dealt to Gabrielfs13 [3h 9d]
niilasson: folds 
Thefresh8: folds 
Clandestin07: folds 
Gabrielfs13: folds 
OndeJogaste?: folds 
vaggelis1982: raises 400 to 800
LordHeavyPat: calls 600
vitormahal: folds 
*** FLOP *** [Qd 7s 4h]
LordHeavyPat: checks 
vaggelis1982: checks 
*** TURN *** [Qd 7s 4h] [2d]
LordHeavyPat: checks 
vaggelis1982: checks 
*** RIVER *** [Qd 7s 4h 2d] [4c]
LordHeavyPat: checks 
vaggelis1982: checks 
*** SHOW DOWN ***
LordHeavyPat: shows [As Js] (a pair of Fours)
vaggelis1982: mucks hand 
LordHeavyPat collected 2400 from pot
*** SUMMARY ***
Total pot 2400 | Rake 0 
Board [Qd 7s 4h 2d 4c]
Seat 1: vitormahal (big blind) folded before Flop
Seat 2: niilasson folded before Flop (didn't bet)
Seat 3: Thefresh8 folded before Flop (didn't bet)
Seat 4: Clandestin07 folded before Flop (didn't bet)
Seat 5: Gabrielfs13 folded before Flop (didn't bet)
Seat 6: OndeJogaste? folded before Flop (didn't bet)
Seat 7: vaggelis1982 (button) mucked [5h Kh]
Seat 8: LordHeavyPat (small blind) showed [As Js] and won (2400) with a pair of Fours



PokerStars Hand #257022190762: Tournament #3908026922, $12.30+$12.25+$2.45 USD Hold'em No Limit - Level X (200/400) - 2025/07/20 14:12:18 BRT [2025/07/20 13:12:18 ET]
Table '3908026922 63' 8-max Seat #3 is the button
Seat 1: 86ofdiamonds (8560 in chips, $12.25 bounty) 
Seat 3: Penopescoço (70475 in chips, $48.97 bounty) 
Seat 4: RraullJorge (3047 in chips, $12.25 bounty) 
Seat 5: Rick Andrey (13716 in chips, $12.25 bounty) 
Seat 6: fuàallin (17111 in chips, $12.25 bounty) 
Seat 7: woofwof (25919 in chips, $18.37 bounty) 
Seat 8: Gabrielfs13 (16663 in chips, $18.37 bounty) 
86ofdiamonds: posts the ante 50
Penopescoço: posts the ante 50
RraullJorge: posts the ante 50
Rick Andrey: posts the ante 50
fuàallin: posts the ante 50
woofwof: posts the ante 50
Gabrielfs13: posts the ante 50
RraullJorge: posts small blind 200
Rick Andrey: posts big blind 400
*** HOLE CARDS ***
Dealt to Gabrielfs13 [Qd 9s]
fuàallin: folds 
woofwof: folds 
Gabrielfs13: folds 
86ofdiamonds: folds 
Penopescoço: raises 400 to 800
RraullJorge: folds 
Arnisss is disconnected 
Rick Andrey: raises 2400 to 3200
Penopescoço: folds 
Uncalled bet (2400) returned to Rick Andrey
Rick Andrey collected 2150 from pot
Rick Andrey: doesn't show hand 
*** SUMMARY ***
Total pot 2150 | Rake 0 
Seat 1: 86ofdiamonds folded before Flop (didn't bet)
Seat 3: Penopescoço (button) folded before Flop
Seat 4: RraullJorge (small blind) folded before Flop
Seat 5: Rick Andrey (big blind) collected (2150)
Seat 6: fuàallin folded before Flop (didn't bet)
Seat 7: woofwof folded before Flop (didn't bet)
Seat 8: Gabrielfs13 folded before Flop (didn't bet)



PokerStars Hand #257022199691: Tournament #3908026922, $12.30+$12.25+$2.45 USD Hold'em No Limit - Level X (200/400) - 2025/07/20 14:12:53 BRT [2025/07/20 13:12:53 ET]
Table '3908026922 63' 8-max Seat #4 is the button
Seat 1: 86ofdiamonds (8510 in chips, $12.25 bounty) 
Seat 2: Arnisss (10000 in chips, $12.25 bounty) 
Seat 3: Penopescoço (69625 in chips, $48.97 bounty) 
Seat 4: RraullJorge (2797 in chips, $12.25 bounty) 
Seat 5: Rick Andrey (15016 in chips, $12.25 bounty) 
Seat 6: fuàallin (17061 in chips, $12.25 bounty) 
Seat 7: woofwof (25869 in chips, $18.37 bounty) 
Seat 8: Gabrielfs13 (16613 in chips, $18.37 bounty) 
86ofdiamonds: posts the ante 50
Arnisss: posts the ante 50
Penopescoço: posts the ante 50
RraullJorge: posts the ante 50
Rick Andrey: posts the ante 50
fuàallin: posts the ante 50
woofwof: posts the ante 50
Gabrielfs13: posts the ante 50
Rick Andrey: posts small blind 200
fuàallin: posts big blind 400
*** HOLE CARDS ***
Dealt to Gabrielfs13 [8c 3s]
woofwof: folds 
Gabrielfs13: folds 
86ofdiamonds: raises 400 to 800
Arnisss: folds 
Penopescoço: folds 
RraullJorge: folds 
Rick Andrey: folds 
fuàallin: calls 400
*** FLOP *** [4c 2c 6s]
fuàallin: checks 
86ofdiamonds: checks 
*** TURN *** [4c 2c 6s] [8s]
fuàallin: bets 1540
86ofdiamonds: folds 
Uncalled bet (1540) returned to fuàallin
fuàallin collected 2200 from pot
fuàallin: doesn't show hand 
*** SUMMARY ***
Total pot 2200 | Rake 0 
Board [4c 2c 6s 8s]
Seat 1: 86ofdiamonds folded on the Turn
Seat 2: Arnisss folded before Flop (didn't bet)
Seat 3: Penopescoço folded before Flop (didn't bet)
Seat 4: RraullJorge (button) folded before Flop (didn't bet)
Seat 5: Rick Andrey (small blind) folded before Flop
Seat 6: fuàallin (big blind) collected (2200)
Seat 7: woofwof folded before Flop (didn't bet)
Seat 8: Gabrielfs13 folded before Flop (didn't bet)



PokerStars Hand #257022215828: Tournament #3908026922, $12.30+$12.25+$2.45 USD Hold'em No Limit - Level X (200/400) - 2025/07/20 14:13:57 BRT [2025/07/20 13:13:57 ET]
Table '3908026922 63' 8-max Seat #5 is the button
Seat 1: 86ofdiamonds (7660 in chips, $12.25 bounty) 
Seat 2: Arnisss (9950 in chips, $12.25 bounty) 
Seat 3: Penopescoço (69575 in chips, $48.97 bounty) 
Seat 4: RraullJorge (2747 in chips, $12.25 bounty) 
Seat 5: Rick Andrey (14766 in chips, $12.25 bounty) 
Seat 6: fuàallin (18411 in chips, $12.25 bounty) 
Seat 7: woofwof (25819 in chips, $18.37 bounty) 
Seat 8: Gabrielfs13 (16563 in chips, $18.37 bounty) 
86ofdiamonds: posts the ante 50
Arnisss: posts the ante 50
Penopescoço: posts the ante 50
RraullJorge: posts the ante 50
Rick Andrey: posts the ante 50
fuàallin: posts the ante 50
woofwof: posts the ante 50
Gabrielfs13: posts the ante 50
fuàallin: posts small blind 200
woofwof: posts big blind 400
*** HOLE CARDS ***
Dealt to Gabrielfs13 [2h 5c]
Gabrielfs13: folds 
86ofdiamonds: raises 400 to 800
Arnisss: folds 
Penopescoço: folds 
RraullJorge: folds 
Rick Andrey: folds 
fuàallin: calls 600
woofwof: folds 
*** FLOP *** [2s Jd Ks]
fuàallin: checks 
86ofdiamonds: checks 
*** TURN *** [2s Jd Ks] [As]
fuàallin: checks 
86ofdiamonds: checks 
*** RIVER *** [2s Jd Ks As] [3s]
fuàallin: bets 1400
86ofdiamonds: calls 1400
*** SHOW DOWN ***
fuàallin: shows [Tc 7c] (high card Ace)
86ofdiamonds: shows [Ts Td] (a flush, Ace high)
86ofdiamonds collected 5200 from pot
*** SUMMARY ***
Total pot 5200 | Rake 0 
Board [2s Jd Ks As 3s]
Seat 1: 86ofdiamonds showed [Ts Td] and won (5200) with a flush, Ace high
Seat 2: Arnisss folded before Flop (didn't bet)
Seat 3: Penopescoço folded before Flop (didn't bet)
Seat 4: RraullJorge folded before Flop (didn't bet)
Seat 5: Rick Andrey (button) folded before Flop (didn't bet)
Seat 6: fuàallin (small blind) showed [Tc 7c] and lost with high card Ace
Seat 7: woofwof (big blind) folded before Flop
Seat 8: Gabrielfs13 folded before Flop (didn't bet)



PokerStars Hand #257022232487: Tournament #3908026922, $12.30+$12.25+$2.45 USD Hold'em No Limit - Level X (200/400) - 2025/07/20 14:15:03 BRT [2025/07/20 13:15:03 ET]
Table '3908026922 63' 8-max Seat #6 is the button
Seat 1: 86ofdiamonds (10610 in chips, $12.25 bounty) 
Seat 2: Arnisss (9900 in chips, $12.25 bounty) 
Seat 3: Penopescoço (69525 in chips, $48.97 bounty) 
Seat 4: RraullJorge (2697 in chips, $12.25 bounty) 
Seat 5: Rick Andrey (14716 in chips, $12.25 bounty) 
Seat 6: fuàallin (16161 in chips, $12.25 bounty) 
Seat 7: woofwof (25369 in chips, $18.37 bounty) 
Seat 8: Gabrielfs13 (16513 in chips, $18.37 bounty) 
86ofdiamonds: posts the ante 50
Arnisss: posts the ante 50
Penopescoço: posts the ante 50
RraullJorge: posts the ante 50
Rick Andrey: posts the ante 50
fuàallin: posts the ante 50
woofwof: posts the ante 50
Gabrielfs13: posts the ante 50
woofwof: posts small blind 200
Gabrielfs13: posts big blind 400
*** HOLE CARDS ***
Dealt to Gabrielfs13 [Ts 3s]
86ofdiamonds: folds 
Arnisss: folds 
Penopescoço: folds 
RraullJorge: folds 
Rick Andrey: folds 
fuàallin: folds 
woofwof: raises 1000 to 1400
Gabrielfs13: calls 1000
*** FLOP *** [4h 6d 5s]
woofwof: bets 1056
Gabrielfs13: raises 1944 to 3000
woofwof: raises 20919 to 23919 and is all-in
Gabrielfs13: calls 12063 and is all-in
Uncalled bet (8856) returned to woofwof
*** TURN *** [4h 6d 5s] [2c]
*** RIVER *** [4h 6d 5s 2c] [3d]
*** SHOW DOWN ***
woofwof: shows [5c 5d] (a straight, Deuce to Six)
Gabrielfs13: shows [Ts 3s] (a straight, Deuce to Six)
woofwof collected 16663 from pot
Gabrielfs13 collected 16663 from pot
*** SUMMARY ***
Total pot 33326 | Rake 0 
Board [4h 6d 5s 2c 3d]
Seat 1: 86ofdiamonds folded before Flop (didn't bet)
Seat 2: Arnisss folded before Flop (didn't bet)
Seat 3: Penopescoço folded before Flop (didn't bet)
Seat 4: RraullJorge folded before Flop (didn't bet)
Seat 5: Rick Andrey folded before Flop (didn't bet)
Seat 6: fuàallin (button) folded before Flop (didn't bet)
Seat 7: woofwof (small blind) showed [5c 5d] and won (16663) with a straight, Deuce to Six
Seat 8: Gabrielfs13 (big blind) showed [Ts 3s] and won (16663) with a straight, Deuce to Six



PokerStars Hand #257022247369: Tournament #3908026922, $12.30+$12.25+$2.45 USD Hold'em No Limit - Level X (200/400) - 2025/07/20 14:16:02 BRT [2025/07/20 13:16:02 ET]
Table '3908026922 63' 8-max Seat #7 is the button
Seat 1: 86ofdiamonds (10560 in chips, $12.25 bounty) 
Seat 2: Arnisss (9850 in chips, $12.25 bounty) 
Seat 3: Penopescoço (69475 in chips, $48.97 bounty) 
Seat 4: RraullJorge (2647 in chips, $12.25 bounty) 
Seat 5: Rick Andrey (14666 in chips, $12.25 bounty) 
Seat 6: fuàallin (16111 in chips, $12.25 bounty) 
Seat 7: woofwof (25519 in chips, $18.37 bounty) 
Seat 8: Gabrielfs13 (16663 in chips, $18.37 bounty) 
86ofdiamonds: posts the ante 50
Arnisss: posts the ante 50
Penopescoço: posts the ante 50
RraullJorge: posts the ante 50
Rick Andrey: posts the ante 50
fuàallin: posts the ante 50
woofwof: posts the ante 50
Gabrielfs13: posts the ante 50
Gabrielfs13: posts small blind 200
86ofdiamonds: posts big blind 400
*** HOLE CARDS ***
Dealt to Gabrielfs13 [3c Js]
Arnisss: folds 
Penopescoço: folds 
RraullJorge: folds 
Rick Andrey: folds 
fuàallin: raises 400 to 800
woofwof: folds 
Gabrielfs13: folds 
86ofdiamonds: calls 400
*** FLOP *** [Tc 7h Jd]
86ofdiamonds: checks 
fuàallin: bets 726
86ofdiamonds: calls 726
*** TURN *** [Tc 7h Jd] [Qh]
86ofdiamonds: checks 
fuàallin: bets 2556
86ofdiamonds: raises 6428 to 8984 and is all-in
fuàallin: calls 6428
*** RIVER *** [Tc 7h Jd Qh] [5s]
*** SHOW DOWN ***
86ofdiamonds: shows [Ks 9c] (a straight, Nine to King)
fuàallin: shows [Kd Ac] (a straight, Ten to Ace)
fuàallin collected 21620 from pot
fuàallin wins $6.13 for eliminating 86ofdiamonds and their own bounty increases by $6.12 to $18.37
86ofdiamonds finished the tournament
*** SUMMARY ***
Total pot 21620 | Rake 0 
Board [Tc 7h Jd Qh 5s]
Seat 1: 86ofdiamonds (big blind) showed [Ks 9c] and lost with a straight, Nine to King
Seat 2: Arnisss folded before Flop (didn't bet)
Seat 3: Penopescoço folded before Flop (didn't bet)
Seat 4: RraullJorge folded before Flop (didn't bet)
Seat 5: Rick Andrey folded before Flop (didn't bet)
Seat 6: fuàallin showed [Kd Ac] and won (21620) with a straight, Ten to Ace
Seat 7: woofwof (button) folded before Flop (didn't bet)
Seat 8: Gabrielfs13 (small blind) folded before Flop



PokerStars Hand #257022271353: Tournament #3908026922, $12.30+$12.25+$2.45 USD Hold'em No Limit - Level X (200/400) - 2025/07/20 14:17:37 BRT [2025/07/20 13:17:37 ET]
Table '3908026922 63' 8-max Seat #8 is the button
Seat 2: Arnisss (9800 in chips, $12.25 bounty) 
Seat 3: Penopescoço (69425 in chips, $48.97 bounty) 
Seat 4: RraullJorge (2597 in chips, $12.25 bounty) 
Seat 5: Rick Andrey (14616 in chips, $12.25 bounty) 
Seat 6: fuàallin (27171 in chips, $18.37 bounty) 
Seat 7: woofwof (25469 in chips, $18.37 bounty) 
Seat 8: Gabrielfs13 (16413 in chips, $18.37 bounty) 
Arnisss: posts the ante 50
Penopescoço: posts the ante 50
RraullJorge: posts the ante 50
Rick Andrey: posts the ante 50
fuàallin: posts the ante 50
woofwof: posts the ante 50
Gabrielfs13: posts the ante 50
Arnisss: posts small blind 200
Penopescoço: posts big blind 400
*** HOLE CARDS ***
Dealt to Gabrielfs13 [7d 2h]
RraullJorge: folds 
Rick Andrey: folds 
fuàallin: folds 
woofwof: folds 
Gabrielfs13: folds 
Arnisss: raises 9350 to 9750 and is all-in
Penopescoço: folds 
Uncalled bet (9350) returned to Arnisss
Arnisss collected 1150 from pot
Arnisss: doesn't show hand 
*** SUMMARY ***
Total pot 1150 | Rake 0 
Seat 2: Arnisss (small blind) collected (1150)
Seat 3: Penopescoço (big blind) folded before Flop
Seat 4: RraullJorge folded before Flop (didn't bet)
Seat 5: Rick Andrey folded before Flop (didn't bet)
Seat 6: fuàallin folded before Flop (didn't bet)
Seat 7: woofwof folded before Flop (didn't bet)
Seat 8: Gabrielfs13 (button) folded before Flop (didn't bet)



PokerStars Hand #257022278779: Tournament #3908026922, $12.30+$12.25+$2.45 USD Hold'em No Limit - Level X (200/400) - 2025/07/20 14:18:06 BRT [2025/07/20 13:18:06 ET]
Table '3908026922 63' 8-max Seat #2 is the button
Seat 2: Arnisss (10500 in chips, $12.25 bounty) 
Seat 3: Penopescoço (68975 in chips, $48.97 bounty) 
Seat 4: RraullJorge (2547 in chips, $12.25 bounty) 
Seat 5: Rick Andrey (14566 in chips, $12.25 bounty) 
Seat 6: fuàallin (27121 in chips, $18.37 bounty) 
Seat 7: woofwof (25419 in chips, $18.37 bounty) 
Seat 8: Gabrielfs13 (16363 in chips, $18.37 bounty) 
Arnisss: posts the ante 50
Penopescoço: posts the ante 50
RraullJorge: posts the ante 50
Rick Andrey: posts the ante 50
fuàallin: posts the ante 50
woofwof: posts the ante 50
Gabrielfs13: posts the ante 50
Penopescoço: posts small blind 200
RraullJorge: posts big blind 400
*** HOLE CARDS ***
Dealt to Gabrielfs13 [6h 4c]
Rick Andrey: raises 400 to 800
fuàallin: calls 800
woofwof: folds 
Gabrielfs13: folds 
Arnisss: folds 
Penopescoço: folds 
RraullJorge: raises 1697 to 2497 and is all-in
Rick Andrey: raises 12019 to 14516 and is all-in
fuàallin: folds 
Uncalled bet (12019) returned to Rick Andrey
*** FLOP *** [Jh 4h 5h]
*** TURN *** [Jh 4h 5h] [3h]
*** RIVER *** [Jh 4h 5h 3h] [2c]
*** SHOW DOWN ***
RraullJorge: shows [Ah Js] (a flush, Ace high)
Rick Andrey: shows [Th Ac] (a flush, Jack high)
RraullJorge collected 6344 from pot
*** SUMMARY ***
Total pot 6344 | Rake 0 
Board [Jh 4h 5h 3h 2c]
Seat 2: Arnisss (button) folded before Flop (didn't bet)
Seat 3: Penopescoço (small blind) folded before Flop
Seat 4: RraullJorge (big blind) showed [Ah Js] and won (6344) with a flush, Ace high
Seat 5: Rick Andrey showed [Th Ac] and lost with a flush, Jack high
Seat 6: fuàallin folded before Flop
Seat 7: woofwof folded before Flop (didn't bet)
Seat 8: Gabrielfs13 folded before Flop (didn't bet)



PokerStars Hand #257022291258: Tournament #3908026922, $12.30+$12.25+$2.45 USD Hold'em No Limit - Level XI (250/500) - 2025/07/20 14:18:55 BRT [2025/07/20 13:18:55 ET]
Table '3908026922 63' 8-max Seat #3 is the button
Seat 2: Arnisss (10450 in chips, $12.25 bounty) 
Seat 3: Penopescoço (68725 in chips, $48.97 bounty) 
Seat 4: RraullJorge (6344 in chips, $12.25 bounty) 
Seat 5: Rick Andrey (12019 in chips, $12.25 bounty) 
Seat 6: fuàallin (26271 in chips, $18.37 bounty) 
Seat 7: woofwof (25369 in chips, $18.37 bounty) 
Seat 8: Gabrielfs13 (16313 in chips, $18.37 bounty) 
Arnisss: posts the ante 60
Penopescoço: posts the ante 60
RraullJorge: posts the ante 60
Rick Andrey: posts the ante 60
fuàallin: posts the ante 60
woofwof: posts the ante 60
Gabrielfs13: posts the ante 60
RraullJorge: posts small blind 250
Rick Andrey: posts big blind 500
*** HOLE CARDS ***
Dealt to Gabrielfs13 [5d 9s]
fuàallin: raises 500 to 1000
woofwof: folds 
Gabrielfs13: folds 
Arnisss: folds 
Penopescoço: calls 1000
RraullJorge: raises 5284 to 6284 and is all-in
Rick Andrey: folds 
fuàallin: raises 19927 to 26211 and is all-in
Penopescoço: folds 
Uncalled bet (19927) returned to fuàallin
*** FLOP *** [Jd Jh 4s]
*** TURN *** [Jd Jh 4s] [6c]
*** RIVER *** [Jd Jh 4s 6c] [Qs]
*** SHOW DOWN ***
RraullJorge: shows [Kh Kc] (two pair, Kings and Jacks)
fuàallin: shows [2d 2h] (two pair, Jacks and Deuces)
RraullJorge collected 14488 from pot
*** SUMMARY ***
Total pot 14488 | Rake 0 
Board [Jd Jh 4s 6c Qs]
Seat 2: Arnisss folded before Flop (didn't bet)
Seat 3: Penopescoço (button) folded before Flop
Seat 4: RraullJorge (small blind) showed [Kh Kc] and won (14488) with two pair, Kings and Jacks
Seat 5: Rick Andrey (big blind) folded before Flop
Seat 6: fuàallin showed [2d 2h] and lost with two pair, Jacks and Deuces
Seat 7: woofwof folded before Flop (didn't bet)
Seat 8: Gabrielfs13 folded before Flop (didn't bet)



PokerStars Hand #257022304539: Tournament #3908026922, $12.30+$12.25+$2.45 USD Hold'em No Limit - Level XI (250/500) - 2025/07/20 14:19:47 BRT [2025/07/20 13:19:47 ET]
Table '3908026922 63' 8-max Seat #4 is the button
Seat 2: Arnisss (10390 in chips, $12.25 bounty) 
Seat 3: Penopescoço (67665 in chips, $48.97 bounty) 
Seat 4: RraullJorge (14488 in chips, $12.25 bounty) 
Seat 5: Rick Andrey (11459 in chips, $12.25 bounty) 
Seat 6: fuàallin (19927 in chips, $18.37 bounty) 
Seat 7: woofwof (25309 in chips, $18.37 bounty) 
Seat 8: Gabrielfs13 (16253 in chips, $18.37 bounty) 
Arnisss: posts the ante 60
Penopescoço: posts the ante 60
RraullJorge: posts the ante 60
Rick Andrey: posts the ante 60
fuàallin: posts the ante 60
woofwof: posts the ante 60
Gabrielfs13: posts the ante 60
Rick Andrey: posts small blind 250
fuàallin: posts big blind 500
*** HOLE CARDS ***
Dealt to Gabrielfs13 [Kd 6c]
woofwof: folds 
Gabrielfs13: folds 
Arnisss: raises 550 to 1050
Penopescoço: folds 
RraullJorge: folds 
Rick Andrey: raises 10349 to 11399 and is all-in
fuàallin: folds 
Arnisss: folds 
Uncalled bet (10349) returned to Rick Andrey
Rick Andrey collected 3020 from pot
Rick Andrey: doesn't show hand 
*** SUMMARY ***
Total pot 3020 | Rake 0 
Seat 2: Arnisss folded before Flop
Seat 3: Penopescoço folded before Flop (didn't bet)
Seat 4: RraullJorge (button) folded before Flop (didn't bet)
Seat 5: Rick Andrey (small blind) collected (3020)
Seat 6: fuàallin (big blind) folded before Flop
Seat 7: woofwof folded before Flop (didn't bet)
Seat 8: Gabrielfs13 folded before Flop (didn't bet)



PokerStars Hand #257022314123: Tournament #3908026922, $12.30+$12.25+$2.45 USD Hold'em No Limit - Level XI (250/500) - 2025/07/20 14:20:24 BRT [2025/07/20 13:20:24 ET]
Table '3908026922 63' 8-max Seat #5 is the button
Seat 1: CaptainGiga (15134 in chips, $18.37 bounty) 
Seat 2: Arnisss (9280 in chips, $12.25 bounty) 
Seat 3: Penopescoço (67605 in chips, $48.97 bounty) 
Seat 4: RraullJorge (14428 in chips, $12.25 bounty) 
Seat 5: Rick Andrey (13369 in chips, $12.25 bounty) 
Seat 6: fuàallin (19367 in chips, $18.37 bounty) 
Seat 7: woofwof (25249 in chips, $18.37 bounty) 
Seat 8: Gabrielfs13 (16193 in chips, $18.37 bounty) 
CaptainGiga: posts the ante 60
Arnisss: posts the ante 60
Penopescoço: posts the ante 60
RraullJorge: posts the ante 60
Rick Andrey: posts the ante 60
fuàallin: posts the ante 60
woofwof: posts the ante 60
Gabrielfs13: posts the ante 60
fuàallin: posts small blind 250
woofwof: posts big blind 500
*** HOLE CARDS ***
Dealt to Gabrielfs13 [Qh Kh]
CaptainGiga is disconnected 
Gabrielfs13: raises 500 to 1000
CaptainGiga: folds 
Arnisss: folds 
Penopescoço: calls 1000
RraullJorge: folds 
Rick Andrey: folds 
fuàallin: calls 750
woofwof: calls 500
*** FLOP *** [Qd 5c 2c]
fuàallin: checks 
woofwof: checks 
Gabrielfs13: checks 
Penopescoço: bets 1120
fuàallin: folds 
woofwof: calls 1120
Gabrielfs13: raises 3920 to 5040
Penopescoço: folds 
woofwof: calls 3920
*** TURN *** [Qd 5c 2c] [5d]
woofwof: checks 
Gabrielfs13: bets 10093 and is all-in
woofwof: folds 
Uncalled bet (10093) returned to Gabrielfs13
Gabrielfs13 collected 15680 from pot
Gabrielfs13: doesn't show hand 
*** SUMMARY ***
Total pot 15680 | Rake 0 
Board [Qd 5c 2c 5d]
Seat 1: CaptainGiga folded before Flop (didn't bet)
Seat 2: Arnisss folded before Flop (didn't bet)
Seat 3: Penopescoço folded on the Flop
Seat 4: RraullJorge folded before Flop (didn't bet)
Seat 5: Rick Andrey (button) folded before Flop (didn't bet)
Seat 6: fuàallin (small blind) folded on the Flop
Seat 7: woofwof (big blind) folded on the Turn
Seat 8: Gabrielfs13 collected (15680)



PokerStars Hand #257022357494: Tournament #3908026922, $12.30+$12.25+$2.45 USD Hold'em No Limit - Level XI (250/500) - 2025/07/20 14:23:12 BRT [2025/07/20 13:23:12 ET]
Table '3908026922 63' 8-max Seat #6 is the button
Seat 1: CaptainGiga (15074 in chips, $18.37 bounty) 
Seat 2: Arnisss (9220 in chips, $12.25 bounty) 
Seat 3: Penopescoço (65425 in chips, $48.97 bounty) 
Seat 4: RraullJorge (14368 in chips, $12.25 bounty) 
Seat 5: Rick Andrey (13309 in chips, $12.25 bounty) 
Seat 6: fuàallin (18307 in chips, $18.37 bounty) 
Seat 7: woofwof (19149 in chips, $18.37 bounty) 
Seat 8: Gabrielfs13 (25773 in chips, $18.37 bounty) 
CaptainGiga: posts the ante 60
Arnisss: posts the ante 60
Penopescoço: posts the ante 60
RraullJorge: posts the ante 60
Rick Andrey: posts the ante 60
fuàallin: posts the ante 60
woofwof: posts the ante 60
Gabrielfs13: posts the ante 60
woofwof: posts small blind 250
Gabrielfs13: posts big blind 500
*** HOLE CARDS ***
Dealt to Gabrielfs13 [6h 3d]
CaptainGiga: folds 
Arnisss: raises 550 to 1050
Penopescoço: folds 
RraullJorge: calls 1050
Rick Andrey: folds 
fuàallin: raises 3200 to 4250
woofwof: folds 
Gabrielfs13: folds 
Arnisss: raises 4910 to 9160 and is all-in
RraullJorge: folds 
fuàallin: calls 4910
*** FLOP *** [7h 6d Jd]
*** TURN *** [7h 6d Jd] [8s]
*** RIVER *** [7h 6d Jd 8s] [2c]
*** SHOW DOWN ***
Arnisss: shows [Ah Qd] (high card Ace)
fuàallin: shows [8h 8c] (three of a kind, Eights)
fuàallin collected 20600 from pot
fuàallin wins $6.13 for eliminating Arnisss and their own bounty increases by $6.12 to $24.49
Arnisss finished the tournament
*** SUMMARY ***
Total pot 20600 | Rake 0 
Board [7h 6d Jd 8s 2c]
Seat 1: CaptainGiga folded before Flop (didn't bet)
Seat 2: Arnisss showed [Ah Qd] and lost with high card Ace
Seat 3: Penopescoço folded before Flop (didn't bet)
Seat 4: RraullJorge folded before Flop
Seat 5: Rick Andrey folded before Flop (didn't bet)
Seat 6: fuàallin (button) showed [8h 8c] and won (20600) with three of a kind, Eights
Seat 7: woofwof (small blind) folded before Flop
Seat 8: Gabrielfs13 (big blind) folded before Flop



PokerStars Hand #257022369156: Tournament #3908026922, $12.30+$12.25+$2.45 USD Hold'em No Limit - Level XI (250/500) - 2025/07/20 14:23:57 BRT [2025/07/20 13:23:57 ET]
Table '3908026922 63' 8-max Seat #7 is the button
Seat 1: CaptainGiga (15014 in chips, $18.37 bounty) 
Seat 3: Penopescoço (65365 in chips, $48.97 bounty) 
Seat 4: RraullJorge (13258 in chips, $12.25 bounty) 
Seat 5: Rick Andrey (13249 in chips, $12.25 bounty) 
Seat 6: fuàallin (29687 in chips, $24.49 bounty) 
Seat 7: woofwof (18839 in chips, $18.37 bounty) 
Seat 8: Gabrielfs13 (25213 in chips, $18.37 bounty) 
CaptainGiga: posts the ante 60
Penopescoço: posts the ante 60
RraullJorge: posts the ante 60
Rick Andrey: posts the ante 60
fuàallin: posts the ante 60
woofwof: posts the ante 60
Gabrielfs13: posts the ante 60
Gabrielfs13: posts small blind 250
CaptainGiga: posts big blind 500
*** HOLE CARDS ***
Dealt to Gabrielfs13 [5c Ah]
Penopescoço: folds 
RraullJorge: raises 500 to 1000
Rick Andrey: folds 
fuàallin: folds 
woofwof: folds 
Gabrielfs13: folds 
Pug63490 is disconnected 
CaptainGiga: raises 2250 to 3250
RraullJorge: raises 9948 to 13198 and is all-in
CaptainGiga: calls 9948
*** FLOP *** [Tc Jd 4h]
*** TURN *** [Tc Jd 4h] [Js]
*** RIVER *** [Tc Jd 4h Js] [Td]
*** SHOW DOWN ***
CaptainGiga: shows [Ks Kh] (two pair, Kings and Jacks)
RraullJorge: shows [Kc As] (two pair, Jacks and Tens)
CaptainGiga collected 27066 from pot
CaptainGiga wins $6.13 for eliminating RraullJorge and their own bounty increases by $6.12 to $24.49
RraullJorge finished the tournament
*** SUMMARY ***
Total pot 27066 | Rake 0 
Board [Tc Jd 4h Js Td]
Seat 1: CaptainGiga (big blind) showed [Ks Kh] and won (27066) with two pair, Kings and Jacks
Seat 3: Penopescoço folded before Flop (didn't bet)
Seat 4: RraullJorge showed [Kc As] and lost with two pair, Jacks and Tens
Seat 5: Rick Andrey folded before Flop (didn't bet)
Seat 6: fuàallin folded before Flop (didn't bet)
Seat 7: woofwof (button) folded before Flop (didn't bet)
Seat 8: Gabrielfs13 (small blind) folded before Flop



PokerStars Hand #257022383333: Tournament #3908026922, $12.30+$12.25+$2.45 USD Hold'em No Limit - Level XI (250/500) - 2025/07/20 14:24:53 BRT [2025/07/20 13:24:53 ET]
Table '3908026922 63' 8-max Seat #8 is the button
Seat 1: CaptainGiga (28822 in chips, $24.49 bounty) 
Seat 2: Pug63490 (10000 in chips, $12.25 bounty) 
Seat 3: Penopescoço (65305 in chips, $48.97 bounty) 
Seat 5: Rick Andrey (13189 in chips, $12.25 bounty) 
Seat 6: fuàallin (29627 in chips, $24.49 bounty) 
Seat 7: woofwof (18779 in chips, $18.37 bounty) 
Seat 8: Gabrielfs13 (24903 in chips, $18.37 bounty) 
CaptainGiga: posts the ante 60
Pug63490: posts the ante 60
Penopescoço: posts the ante 60
Rick Andrey: posts the ante 60
fuàallin: posts the ante 60
woofwof: posts the ante 60
Gabrielfs13: posts the ante 60
CaptainGiga: posts small blind 250
Pug63490: posts big blind 500
*** HOLE CARDS ***
Dealt to Gabrielfs13 [Jd 4d]
Penopescoço: raises 500 to 1000
Rick Andrey: folds 
fuàallin: folds 
woofwof: folds 
Gabrielfs13: folds 
CaptainGiga: folds 
Pug63490: calls 500
*** FLOP *** [Tc As Ad]
CAMISA1088 is disconnected 
Pug63490: checks 
Penopescoço: bets 670
Pug63490: raises 8270 to 8940 and is all-in
Penopescoço: folds 
Uncalled bet (8270) returned to Pug63490
Pug63490 collected 4010 from pot
*** SUMMARY ***
Total pot 4010 | Rake 0 
Board [Tc As Ad]
Seat 1: CaptainGiga (small blind) folded before Flop
Seat 2: Pug63490 (big blind) collected (4010)
Seat 3: Penopescoço folded on the Flop
Seat 5: Rick Andrey folded before Flop (didn't bet)
Seat 6: fuàallin folded before Flop (didn't bet)
Seat 7: woofwof folded before Flop (didn't bet)
Seat 8: Gabrielfs13 (button) folded before Flop (didn't bet)



PokerStars Hand #257022398026: Tournament #3908026922, $12.30+$12.25+$2.45 USD Hold'em No Limit - Level XI (250/500) - 2025/07/20 14:25:51 BRT [2025/07/20 13:25:51 ET]
Table '3908026922 63' 8-max Seat #1 is the button
Seat 1: CaptainGiga (28512 in chips, $24.49 bounty) 
Seat 2: Pug63490 (12280 in chips, $12.25 bounty) 
Seat 3: Penopescoço (63575 in chips, $48.97 bounty) 
Seat 4: CAMISA1088 (59923 in chips, $42.85 bounty) 
Seat 5: Rick Andrey (13129 in chips, $12.25 bounty) 
Seat 6: fuàallin (29567 in chips, $24.49 bounty) 
Seat 7: woofwof (18719 in chips, $18.37 bounty) 
Seat 8: Gabrielfs13 (24843 in chips, $18.37 bounty) 
CaptainGiga: posts the ante 60
Pug63490: posts the ante 60
Penopescoço: posts the ante 60
CAMISA1088: posts the ante 60
Rick Andrey: posts the ante 60
fuàallin: posts the ante 60
woofwof: posts the ante 60
Gabrielfs13: posts the ante 60
Pug63490: posts small blind 250
Penopescoço: posts big blind 500
*** HOLE CARDS ***
Dealt to Gabrielfs13 [As 2h]
CAMISA1088: folds 
Rick Andrey: folds 
fuàallin: folds 
woofwof: folds 
Gabrielfs13: raises 500 to 1000
CaptainGiga: folds 
Pug63490: calls 750
Penopescoço: calls 500
*** FLOP *** [Js Jd 4c]
Pug63490: checks 
Penopescoço: checks 
Gabrielfs13: bets 750
Pug63490: folds 
Penopescoço: raises 1645 to 2395
Gabrielfs13: folds 
Uncalled bet (1645) returned to Penopescoço
Penopescoço collected 4980 from pot
Penopescoço: doesn't show hand 
*** SUMMARY ***
Total pot 4980 | Rake 0 
Board [Js Jd 4c]
Seat 1: CaptainGiga (button) folded before Flop (didn't bet)
Seat 2: Pug63490 (small blind) folded on the Flop
Seat 3: Penopescoço (big blind) collected (4980)
Seat 4: CAMISA1088 folded before Flop (didn't bet)
Seat 5: Rick Andrey folded before Flop (didn't bet)
Seat 6: fuàallin folded before Flop (didn't bet)
Seat 7: woofwof folded before Flop (didn't bet)
Seat 8: Gabrielfs13 folded on the Flop



PokerStars Hand #257022409936: Tournament #3908026922, $12.30+$12.25+$2.45 USD Hold'em No Limit - Level XI (250/500) - 2025/07/20 14:26:38 BRT [2025/07/20 13:26:38 ET]
Table '3908026922 63' 8-max Seat #2 is the button
Seat 1: CaptainGiga (28452 in chips, $24.49 bounty) 
Seat 2: Pug63490 (11220 in chips, $12.25 bounty) 
Seat 3: Penopescoço (66745 in chips, $48.97 bounty) 
Seat 4: CAMISA1088 (59863 in chips, $42.85 bounty) 
Seat 5: Rick Andrey (13069 in chips, $12.25 bounty) 
Seat 6: fuàallin (29507 in chips, $24.49 bounty) 
Seat 7: woofwof (18659 in chips, $18.37 bounty) 
Seat 8: Gabrielfs13 (23033 in chips, $18.37 bounty) 
CaptainGiga: posts the ante 60
Pug63490: posts the ante 60
Penopescoço: posts the ante 60
CAMISA1088: posts the ante 60
Rick Andrey: posts the ante 60
fuàallin: posts the ante 60
woofwof: posts the ante 60
Gabrielfs13: posts the ante 60
Penopescoço: posts small blind 250
CAMISA1088: posts big blind 500
*** HOLE CARDS ***
Dealt to Gabrielfs13 [2s Kd]
Rick Andrey: folds 
fuàallin: folds 
woofwof: folds 
Gabrielfs13: folds 
CaptainGiga: folds 
Pug63490: folds 
Penopescoço: calls 250
CAMISA1088: raises 1500 to 2000
Penopescoço: folds 
Uncalled bet (1500) returned to CAMISA1088
CAMISA1088 collected 1480 from pot
CAMISA1088: doesn't show hand 
*** SUMMARY ***
Total pot 1480 | Rake 0 
Seat 1: CaptainGiga folded before Flop (didn't bet)
Seat 2: Pug63490 (button) folded before Flop (didn't bet)
Seat 3: Penopescoço (small blind) folded before Flop
Seat 4: CAMISA1088 (big blind) collected (1480)
Seat 5: Rick Andrey folded before Flop (didn't bet)
Seat 6: fuàallin folded before Flop (didn't bet)
Seat 7: woofwof folded before Flop (didn't bet)
Seat 8: Gabrielfs13 folded before Flop (didn't bet)



PokerStars Hand #257022422961: Tournament #3908026922, $12.30+$12.25+$2.45 USD Hold'em No Limit - Level XI (250/500) - 2025/07/20 14:27:30 BRT [2025/07/20 13:27:30 ET]
Table '3908026922 63' 8-max Seat #3 is the button
Seat 1: CaptainGiga (28392 in chips, $24.49 bounty) 
Seat 2: Pug63490 (11160 in chips, $12.25 bounty) 
Seat 3: Penopescoço (66185 in chips, $48.97 bounty) 
Seat 4: CAMISA1088 (60783 in chips, $42.85 bounty) 
Seat 5: Rick Andrey (13009 in chips, $12.25 bounty) 
Seat 6: fuàallin (29447 in chips, $24.49 bounty) 
Seat 7: woofwof (18599 in chips, $18.37 bounty) 
Seat 8: Gabrielfs13 (22973 in chips, $18.37 bounty) 
CaptainGiga: posts the ante 60
Pug63490: posts the ante 60
Penopescoço: posts the ante 60
CAMISA1088: posts the ante 60
Rick Andrey: posts the ante 60
fuàallin: posts the ante 60
woofwof: posts the ante 60
Gabrielfs13: posts the ante 60
CAMISA1088: posts small blind 250
Rick Andrey: posts big blind 500
*** HOLE CARDS ***
Dealt to Gabrielfs13 [7h 4s]
fuàallin: folds 
woofwof: folds 
Gabrielfs13: folds 
CaptainGiga: folds 
Pug63490: folds 
Penopescoço: raises 500 to 1000
CAMISA1088: folds 
Rick Andrey: raises 11949 to 12949 and is all-in
Penopescoço: calls 11949
*** FLOP *** [4c Kd 8h]
*** TURN *** [4c Kd 8h] [Jh]
*** RIVER *** [4c Kd 8h Jh] [Kh]
*** SHOW DOWN ***
Rick Andrey: shows [6s 6d] (two pair, Kings and Sixes)
Penopescoço: shows [Ac 7c] (a pair of Kings)
Rick Andrey collected 26628 from pot
*** SUMMARY ***
Total pot 26628 | Rake 0 
Board [4c Kd 8h Jh Kh]
Seat 1: CaptainGiga folded before Flop (didn't bet)
Seat 2: Pug63490 folded before Flop (didn't bet)
Seat 3: Penopescoço (button) showed [Ac 7c] and lost with a pair of Kings
Seat 4: CAMISA1088 (small blind) folded before Flop
Seat 5: Rick Andrey (big blind) showed [6s 6d] and won (26628) with two pair, Kings and Sixes
Seat 6: fuàallin folded before Flop (didn't bet)
Seat 7: woofwof folded before Flop (didn't bet)
Seat 8: Gabrielfs13 folded before Flop (didn't bet)



PokerStars Hand #257022439064: Tournament #3908026922, $12.30+$12.25+$2.45 USD Hold'em No Limit - Level XI (250/500) - 2025/07/20 14:28:33 BRT [2025/07/20 13:28:33 ET]
Table '3908026922 63' 8-max Seat #4 is the button
Seat 1: CaptainGiga (28332 in chips, $24.49 bounty) 
Seat 2: Pug63490 (11100 in chips, $12.25 bounty) 
Seat 3: Penopescoço (53176 in chips, $48.97 bounty) 
Seat 4: CAMISA1088 (60473 in chips, $42.85 bounty) 
Seat 5: Rick Andrey (26628 in chips, $12.25 bounty) 
Seat 6: fuàallin (29387 in chips, $24.49 bounty) 
Seat 7: woofwof (18539 in chips, $18.37 bounty) 
Seat 8: Gabrielfs13 (22913 in chips, $18.37 bounty) 
CaptainGiga: posts the ante 60
Pug63490: posts the ante 60
Penopescoço: posts the ante 60
CAMISA1088: posts the ante 60
Rick Andrey: posts the ante 60
fuàallin: posts the ante 60
woofwof: posts the ante 60
Gabrielfs13: posts the ante 60
Rick Andrey: posts small blind 250
fuàallin: posts big blind 500
*** HOLE CARDS ***
Dealt to Gabrielfs13 [9h 3d]
woofwof: folds 
Gabrielfs13: folds 
CaptainGiga: raises 500 to 1000
Pug63490: folds 
Penopescoço: folds 
CAMISA1088: folds 
Rick Andrey: folds 
fuàallin: calls 500
*** FLOP *** [9s 3c Tc]
fuàallin: checks 
CaptainGiga: bets 683
fuàallin: folds 
Uncalled bet (683) returned to CaptainGiga
CaptainGiga collected 2730 from pot
*** SUMMARY ***
Total pot 2730 | Rake 0 
Board [9s 3c Tc]
Seat 1: CaptainGiga collected (2730)
Seat 2: Pug63490 folded before Flop (didn't bet)
Seat 3: Penopescoço folded before Flop (didn't bet)
Seat 4: CAMISA1088 (button) folded before Flop (didn't bet)
Seat 5: Rick Andrey (small blind) folded before Flop
Seat 6: fuàallin (big blind) folded on the Flop
Seat 7: woofwof folded before Flop (didn't bet)
Seat 8: Gabrielfs13 folded before Flop (didn't bet)



PokerStars Hand #257022452392: Tournament #3908026922, $12.30+$12.25+$2.45 USD Hold'em No Limit - Level XI (250/500) - 2025/07/20 14:29:26 BRT [2025/07/20 13:29:26 ET]
Table '3908026922 63' 8-max Seat #5 is the button
Seat 1: CaptainGiga (30002 in chips, $24.49 bounty) 
Seat 2: Pug63490 (11040 in chips, $12.25 bounty) 
Seat 3: Penopescoço (53116 in chips, $48.97 bounty) 
Seat 4: CAMISA1088 (60413 in chips, $42.85 bounty) 
Seat 5: Rick Andrey (26318 in chips, $12.25 bounty) 
Seat 6: fuàallin (28327 in chips, $24.49 bounty) 
Seat 7: woofwof (18479 in chips, $18.37 bounty) 
Seat 8: Gabrielfs13 (22853 in chips, $18.37 bounty) 
CaptainGiga: posts the ante 60
Pug63490: posts the ante 60
Penopescoço: posts the ante 60
CAMISA1088: posts the ante 60
Rick Andrey: posts the ante 60
fuàallin: posts the ante 60
woofwof: posts the ante 60
Gabrielfs13: posts the ante 60
fuàallin: posts small blind 250
woofwof: posts big blind 500
*** HOLE CARDS ***
Dealt to Gabrielfs13 [8c Jh]
Gabrielfs13: folds 
CaptainGiga: folds 
Pug63490: folds 
Penopescoço: folds 
CAMISA1088: folds 
Rick Andrey: raises 500 to 1000
fuàallin: raises 3000 to 4000
woofwof: folds 
Rick Andrey: folds 
Uncalled bet (3000) returned to fuàallin
fuàallin collected 2980 from pot
fuàallin: doesn't show hand 
*** SUMMARY ***
Total pot 2980 | Rake 0 
Seat 1: CaptainGiga folded before Flop (didn't bet)
Seat 2: Pug63490 folded before Flop (didn't bet)
Seat 3: Penopescoço folded before Flop (didn't bet)
Seat 4: CAMISA1088 folded before Flop (didn't bet)
Seat 5: Rick Andrey (button) folded before Flop
Seat 6: fuàallin (small blind) collected (2980)
Seat 7: woofwof (big blind) folded before Flop
Seat 8: Gabrielfs13 folded before Flop (didn't bet)



PokerStars Hand #257022468134: Tournament #3908026922, $12.30+$12.25+$2.45 USD Hold'em No Limit - Level XI (250/500) - 2025/07/20 14:30:27 BRT [2025/07/20 13:30:27 ET]
Table '3908026922 63' 8-max Seat #6 is the button
Seat 1: CaptainGiga (29942 in chips, $24.49 bounty) 
Seat 2: Pug63490 (10980 in chips, $12.25 bounty) 
Seat 3: Penopescoço (53056 in chips, $48.97 bounty) 
Seat 4: CAMISA1088 (60353 in chips, $42.85 bounty) 
Seat 5: Rick Andrey (25258 in chips, $12.25 bounty) 
Seat 6: fuàallin (30247 in chips, $24.49 bounty) 
Seat 7: woofwof (17919 in chips, $18.37 bounty) 
Seat 8: Gabrielfs13 (22793 in chips, $18.37 bounty) 
CaptainGiga: posts the ante 60
Pug63490: posts the ante 60
Penopescoço: posts the ante 60
CAMISA1088: posts the ante 60
Rick Andrey: posts the ante 60
fuàallin: posts the ante 60
woofwof: posts the ante 60
Gabrielfs13: posts the ante 60
woofwof: posts small blind 250
Gabrielfs13: posts big blind 500
*** HOLE CARDS ***
Dealt to Gabrielfs13 [Qc Qs]
CaptainGiga: folds 
Pug63490: folds 
Penopescoço: folds 
CAMISA1088: folds 
Rick Andrey: raises 500 to 1000
fuàallin: calls 1000
woofwof: folds 
Gabrielfs13: raises 3500 to 4500
Rick Andrey: calls 3500
fuàallin: folds 
*** FLOP *** [Kh 9h 5s]
Gabrielfs13: bets 3500
Rick Andrey: raises 17198 to 20698 and is all-in
Gabrielfs13: calls 14733 and is all-in
Uncalled bet (2465) returned to Rick Andrey
*** TURN *** [Kh 9h 5s] [Ac]
*** RIVER *** [Kh 9h 5s Ac] [Tc]
*** SHOW DOWN ***
Gabrielfs13: shows [Qc Qs] (a pair of Queens)
Rick Andrey: shows [Jh Qh] (a straight, Ten to Ace)
Rick Andrey collected 47196 from pot
Rick Andrey wins $9.19 for eliminating Gabrielfs13 and their own bounty increases by $9.18 to $21.43
Gabrielfs13 finished the tournament
*** SUMMARY ***
Total pot 47196 | Rake 0 
Board [Kh 9h 5s Ac Tc]
Seat 1: CaptainGiga folded before Flop (didn't bet)
Seat 2: Pug63490 folded before Flop (didn't bet)
Seat 3: Penopescoço folded before Flop (didn't bet)
Seat 4: CAMISA1088 folded before Flop (didn't bet)
Seat 5: Rick Andrey showed [Jh Qh] and won (47196) with a straight, Ten to Ace
Seat 6: fuàallin (button) folded before Flop
Seat 7: woofwof (small blind) folded before Flop
Seat 8: Gabrielfs13 (big blind) showed [Qc Qs] and lost with a pair of Queens



