PokerStars Hand #257084475662: Tournament #3912600275, $4.80+$5.00+$1.20 USD Hold'em No Limit - Level I (50/100) - 2025/07/25 13:45:27 BRT [2025/07/25 12:45:27 ET]
Table '3912600275 4' 8-max Seat #2 is the button
Seat 2: Rebozeio (5000 in chips, $5 bounty) 
Seat 3: johny_mac32 (5000 in chips, $5 bounty) 
Seat 4: louisbinns (5000 in chips, $5 bounty) 
Seat 5: Gabrielfs13 (5000 in chips, $5 bounty) 
Seat 7: slamgr (5000 in chips, $5 bounty) 
Seat 8: T0bzen (5000 in chips, $5 bounty) 
Rebozeio: posts the ante 15
johny_mac32: posts the ante 15
louisbinns: posts the ante 15
Gabrielfs13: posts the ante 15
slamgr: posts the ante 15
T0bzen: posts the ante 15
johny_mac32: posts small blind 50
louisbinns: posts big blind 100
*** HOLE CARDS ***
Dealt to Gabrielfs13 [7c Jh]
Gabrielfs13: folds 
slamgr: folds 
T0bzen: folds 
Rebozeio: folds 
johny_mac32: folds 
Uncalled bet (50) returned to louisbinns
louisbinns collected 190 from pot
louisbinns: doesn't show hand 
*** SUMMARY ***
Total pot 190 | Rake 0 
Seat 2: Rebozeio (button) folded before Flop (didn't bet)
Seat 3: johny_mac32 (small blind) folded before Flop
Seat 4: louisbinns (big blind) collected (190)
Seat 5: Gabrielfs13 folded before Flop (didn't bet)
Seat 7: slamgr folded before Flop (didn't bet)
Seat 8: T0bzen folded before Flop (didn't bet)



PokerStars Hand #257084478847: Tournament #3912600275, $4.80+$5.00+$1.20 USD Hold'em No Limit - Level I (50/100) - 2025/07/25 13:45:44 BRT [2025/07/25 12:45:44 ET]
Table '3912600275 4' 8-max Seat #3 is the button
Seat 2: Rebozeio (4985 in chips, $5 bounty) 
Seat 3: johny_mac32 (4935 in chips, $5 bounty) 
Seat 4: louisbinns (5125 in chips, $5 bounty) 
Seat 5: Gabrielfs13 (4985 in chips, $5 bounty) 
Seat 7: slamgr (4985 in chips, $5 bounty) 
Seat 8: T0bzen (4985 in chips, $5 bounty) 
Rebozeio: posts the ante 15
johny_mac32: posts the ante 15
louisbinns: posts the ante 15
Gabrielfs13: posts the ante 15
slamgr: posts the ante 15
T0bzen: posts the ante 15
louisbinns: posts small blind 50
Gabrielfs13: posts big blind 100
*** HOLE CARDS ***
Dealt to Gabrielfs13 [8c Js]
slamgr: raises 120 to 220
T0bzen: folds 
Rebozeio: calls 220
diegoppokerAA is disconnected 
johny_mac32: folds 
louisbinns: folds 
Gabrielfs13: folds 
*** FLOP *** [Ts 7c Ks]
slamgr: bets 324
Rebozeio: calls 324
*** TURN *** [Ts 7c Ks] [Ad]
slamgr: checks 
Rebozeio: bets 664
slamgr: calls 664
*** RIVER *** [Ts 7c Ks Ad] [7h]
slamgr: checks 
Rebozeio: bets 764
slamgr: calls 764
*** SHOW DOWN ***
Rebozeio: shows [5s As] (two pair, Aces and Sevens)
slamgr: mucks hand 
Rebozeio collected 4184 from pot
*** SUMMARY ***
Total pot 4184 | Rake 0 
Board [Ts 7c Ks Ad 7h]
Seat 2: Rebozeio showed [5s As] and won (4184) with two pair, Aces and Sevens
Seat 3: johny_mac32 (button) folded before Flop (didn't bet)
Seat 4: louisbinns (small blind) folded before Flop
Seat 5: Gabrielfs13 (big blind) folded before Flop
Seat 7: slamgr mucked [Qs Qd]
Seat 8: T0bzen folded before Flop (didn't bet)



PokerStars Hand #257084493241: Tournament #3912600275, $4.80+$5.00+$1.20 USD Hold'em No Limit - Level I (50/100) - 2025/07/25 13:47:02 BRT [2025/07/25 12:47:02 ET]
Table '3912600275 4' 8-max Seat #4 is the button
Seat 1: rafinhasuetomi (5000 in chips, $5 bounty) 
Seat 2: Rebozeio (7182 in chips, $5 bounty) 
Seat 3: johny_mac32 (4920 in chips, $5 bounty) 
Seat 4: louisbinns (5060 in chips, $5 bounty) 
Seat 5: Gabrielfs13 (4870 in chips, $5 bounty) 
Seat 6: diegoppokerAA (5000 in chips, $5 bounty) 
Seat 7: slamgr (2998 in chips, $5 bounty) 
Seat 8: T0bzen (4970 in chips, $5 bounty) 
rafinhasuetomi: posts the ante 15
Rebozeio: posts the ante 15
johny_mac32: posts the ante 15
louisbinns: posts the ante 15
Gabrielfs13: posts the ante 15
diegoppokerAA: posts the ante 15
slamgr: posts the ante 15
T0bzen: posts the ante 15
Gabrielfs13: posts small blind 50
diegoppokerAA: posts big blind 100
*** HOLE CARDS ***
Dealt to Gabrielfs13 [Td 4s]
slamgr: folds 
T0bzen: raises 100 to 200
rafinhasuetomi: folds 
Rebozeio: folds 
johny_mac32: folds 
louisbinns: folds 
Gabrielfs13: folds 
diegoppokerAA: folds 
Uncalled bet (100) returned to T0bzen
T0bzen collected 370 from pot
T0bzen: doesn't show hand 
*** SUMMARY ***
Total pot 370 | Rake 0 
Seat 1: rafinhasuetomi folded before Flop (didn't bet)
Seat 2: Rebozeio folded before Flop (didn't bet)
Seat 3: johny_mac32 folded before Flop (didn't bet)
Seat 4: louisbinns (button) folded before Flop (didn't bet)
Seat 5: Gabrielfs13 (small blind) folded before Flop
Seat 6: diegoppokerAA (big blind) folded before Flop
Seat 7: slamgr folded before Flop (didn't bet)
Seat 8: T0bzen collected (370)



PokerStars Hand #257084501283: Tournament #3912600275, $4.80+$5.00+$1.20 USD Hold'em No Limit - Level I (50/100) - 2025/07/25 13:47:45 BRT [2025/07/25 12:47:45 ET]
Table '3912600275 4' 8-max Seat #5 is the button
Seat 1: rafinhasuetomi (4985 in chips, $5 bounty) 
Seat 2: Rebozeio (7167 in chips, $5 bounty) 
Seat 3: johny_mac32 (4905 in chips, $5 bounty) 
Seat 4: louisbinns (5045 in chips, $5 bounty) 
Seat 5: Gabrielfs13 (4805 in chips, $5 bounty) 
Seat 6: diegoppokerAA (4885 in chips, $5 bounty) 
Seat 7: slamgr (2983 in chips, $5 bounty) 
Seat 8: T0bzen (5225 in chips, $5 bounty) 
rafinhasuetomi: posts the ante 15
Rebozeio: posts the ante 15
johny_mac32: posts the ante 15
louisbinns: posts the ante 15
Gabrielfs13: posts the ante 15
diegoppokerAA: posts the ante 15
slamgr: posts the ante 15
T0bzen: posts the ante 15
diegoppokerAA: posts small blind 50
slamgr: posts big blind 100
*** HOLE CARDS ***
Dealt to Gabrielfs13 [Ad As]
T0bzen: raises 100 to 200
rafinhasuetomi: folds 
Rebozeio: folds 
johny_mac32: folds 
louisbinns: folds 
Gabrielfs13: raises 400 to 600
diegoppokerAA: folds 
slamgr: folds 
T0bzen: raises 1100 to 1700
Gabrielfs13: calls 1100
*** FLOP *** [Ts 7d 7h]
T0bzen: bets 3510 and is all-in
Gabrielfs13: calls 3090 and is all-in
Uncalled bet (420) returned to T0bzen
*** TURN *** [Ts 7d 7h] [Qh]
*** RIVER *** [Ts 7d 7h Qh] [7s]
*** SHOW DOWN ***
T0bzen: shows [Kd Ah] (three of a kind, Sevens)
Gabrielfs13: shows [Ad As] (a full house, Sevens full of Aces)
Gabrielfs13 collected 9850 from pot
*** SUMMARY ***
Total pot 9850 | Rake 0 
Board [Ts 7d 7h Qh 7s]
Seat 1: rafinhasuetomi folded before Flop (didn't bet)
Seat 2: Rebozeio folded before Flop (didn't bet)
Seat 3: johny_mac32 folded before Flop (didn't bet)
Seat 4: louisbinns folded before Flop (didn't bet)
Seat 5: Gabrielfs13 (button) showed [Ad As] and won (9850) with a full house, Sevens full of Aces
Seat 6: diegoppokerAA (small blind) folded before Flop
Seat 7: slamgr (big blind) folded before Flop
Seat 8: T0bzen showed [Kd Ah] and lost with three of a kind, Sevens



PokerStars Hand #257084517358: Tournament #3912600275, $4.80+$5.00+$1.20 USD Hold'em No Limit - Level I (50/100) - 2025/07/25 13:49:12 BRT [2025/07/25 12:49:12 ET]
Table '3912600275 4' 8-max Seat #6 is the button
Seat 1: rafinhasuetomi (4970 in chips, $5 bounty) 
Seat 2: Rebozeio (7152 in chips, $5 bounty) 
Seat 3: johny_mac32 (4890 in chips, $5 bounty) 
Seat 4: louisbinns (5030 in chips, $5 bounty) 
Seat 5: Gabrielfs13 (9850 in chips, $5 bounty) 
Seat 6: diegoppokerAA (4820 in chips, $5 bounty) 
Seat 7: slamgr (2868 in chips, $5 bounty) 
Seat 8: T0bzen (420 in chips, $5 bounty) 
rafinhasuetomi: posts the ante 15
Rebozeio: posts the ante 15
johny_mac32: posts the ante 15
louisbinns: posts the ante 15
Gabrielfs13: posts the ante 15
diegoppokerAA: posts the ante 15
slamgr: posts the ante 15
T0bzen: posts the ante 15
slamgr: posts small blind 50
T0bzen: posts big blind 100
*** HOLE CARDS ***
Dealt to Gabrielfs13 [As 8h]
rafinhasuetomi: folds 
Rebozeio: raises 100 to 200
johny_mac32: folds 
louisbinns: folds 
Gabrielfs13: folds 
diegoppokerAA: calls 200
slamgr: folds 
T0bzen: raises 205 to 405 and is all-in
Rebozeio: raises 6732 to 7137 and is all-in
diegoppokerAA: calls 4605 and is all-in
Uncalled bet (2332) returned to Rebozeio
*** FLOP *** [Th 7s Jd]
*** TURN *** [Th 7s Jd] [3c]
*** RIVER *** [Th 7s Jd 3c] [9s]
*** SHOW DOWN ***
Rebozeio: shows [Ks Jc] (a pair of Jacks)
diegoppokerAA: shows [Tc Ah] (a pair of Tens)
Rebozeio collected 8800 from side pot
T0bzen: shows [6d 6s] (a pair of Sixes)
Rebozeio collected 1385 from main pot
Rebozeio wins $2.50 for eliminating diegoppokerAA and their own bounty increases by $2.50 to $7.50
Rebozeio wins $2.50 for eliminating T0bzen and their own bounty increases by $2.50 to $10
diegoppokerAA finished the tournament
T0bzen finished the tournament
*** SUMMARY ***
Total pot 10185 Main pot 1385. Side pot 8800. | Rake 0 
Board [Th 7s Jd 3c 9s]
Seat 1: rafinhasuetomi folded before Flop (didn't bet)
Seat 2: Rebozeio showed [Ks Jc] and won (10185) with a pair of Jacks
Seat 3: johny_mac32 folded before Flop (didn't bet)
Seat 4: louisbinns folded before Flop (didn't bet)
Seat 5: Gabrielfs13 folded before Flop (didn't bet)
Seat 6: diegoppokerAA (button) showed [Tc Ah] and lost with a pair of Tens
Seat 7: slamgr (small blind) folded before Flop
Seat 8: T0bzen (big blind) showed [6d 6s] and lost with a pair of Sixes



PokerStars Hand #257084528397: Tournament #3912600275, $4.80+$5.00+$1.20 USD Hold'em No Limit - Level I (50/100) - 2025/07/25 13:50:12 BRT [2025/07/25 12:50:12 ET]
Table '3912600275 4' 8-max Seat #7 is the button
Seat 1: rafinhasuetomi (4955 in chips, $5 bounty) 
Seat 2: Rebozeio (12517 in chips, $10 bounty) 
Seat 3: johny_mac32 (4875 in chips, $5 bounty) 
Seat 4: louisbinns (5015 in chips, $5 bounty) 
Seat 5: Gabrielfs13 (9835 in chips, $5 bounty) 
Seat 7: slamgr (2803 in chips, $5 bounty) 
rafinhasuetomi: posts the ante 15
Rebozeio: posts the ante 15
johny_mac32: posts the ante 15
louisbinns: posts the ante 15
Gabrielfs13: posts the ante 15
slamgr: posts the ante 15
rafinhasuetomi: posts small blind 50
Rebozeio: posts big blind 100
*** HOLE CARDS ***
Dealt to Gabrielfs13 [Kd Qh]
johny_mac32: folds 
T0bzen is disconnected 
louisbinns: raises 120 to 220
Gabrielfs13: calls 220
slamgr: folds 
rafinhasuetomi: folds 
Rebozeio: folds 
*** FLOP *** [5c 8d 4c]
louisbinns: checks 
Gabrielfs13: bets 150
louisbinns: calls 150
*** TURN *** [5c 8d 4c] [5h]
louisbinns: checks 
Gabrielfs13: checks 
*** RIVER *** [5c 8d 4c 5h] [Js]
louisbinns: checks 
Gabrielfs13: checks 
*** SHOW DOWN ***
louisbinns: shows [As 9s] (a pair of Fives)
Gabrielfs13: mucks hand 
louisbinns collected 980 from pot
*** SUMMARY ***
Total pot 980 | Rake 0 
Board [5c 8d 4c 5h Js]
Seat 1: rafinhasuetomi (small blind) folded before Flop
Seat 2: Rebozeio (big blind) folded before Flop
Seat 3: johny_mac32 folded before Flop (didn't bet)
Seat 4: louisbinns showed [As 9s] and won (980) with a pair of Fives
Seat 5: Gabrielfs13 mucked [Kd Qh]
Seat 7: slamgr (button) folded before Flop (didn't bet)



PokerStars Hand #257084541063: Tournament #3912600275, $4.80+$5.00+$1.20 USD Hold'em No Limit - Level II (60/120) - 2025/07/25 13:51:21 BRT [2025/07/25 12:51:21 ET]
Table '3912600275 4' 8-max Seat #1 is the button
Seat 1: rafinhasuetomi (4890 in chips, $5 bounty) 
Seat 2: Rebozeio (12402 in chips, $10 bounty) 
Seat 3: johny_mac32 (4860 in chips, $5 bounty) 
Seat 4: louisbinns (5610 in chips, $5 bounty) 
Seat 5: Gabrielfs13 (9450 in chips, $5 bounty) 
Seat 7: slamgr (2788 in chips, $5 bounty) 
Seat 8: T0bzen (5000 in chips, $5 bounty) 
rafinhasuetomi: posts the ante 18
Rebozeio: posts the ante 18
johny_mac32: posts the ante 18
louisbinns: posts the ante 18
Gabrielfs13: posts the ante 18
slamgr: posts the ante 18
T0bzen: posts the ante 18
Rebozeio: posts small blind 60
johny_mac32: posts big blind 120
*** HOLE CARDS ***
Dealt to Gabrielfs13 [2d 7h]
louisbinns: folds 
Gabrielfs13: folds 
slamgr: raises 144 to 264
phatgirls is disconnected 
T0bzen: raises 456 to 720
rafinhasuetomi: folds 
Rebozeio: folds 
johny_mac32: folds 
slamgr: calls 456
*** FLOP *** [Qd Jd As]
slamgr: checks 
T0bzen: checks 
*** TURN *** [Qd Jd As] [2c]
slamgr: checks 
T0bzen: bets 480
slamgr: folds 
Uncalled bet (480) returned to T0bzen
T0bzen collected 1746 from pot
T0bzen: doesn't show hand 
*** SUMMARY ***
Total pot 1746 | Rake 0 
Board [Qd Jd As 2c]
Seat 1: rafinhasuetomi (button) folded before Flop (didn't bet)
Seat 2: Rebozeio (small blind) folded before Flop
Seat 3: johny_mac32 (big blind) folded before Flop
Seat 4: louisbinns folded before Flop (didn't bet)
Seat 5: Gabrielfs13 folded before Flop (didn't bet)
Seat 7: slamgr folded on the Turn
Seat 8: T0bzen collected (1746)



PokerStars Hand #257084557980: Tournament #3912600275, $4.80+$5.00+$1.20 USD Hold'em No Limit - Level II (60/120) - 2025/07/25 13:52:51 BRT [2025/07/25 12:52:51 ET]
Table '3912600275 3' 8-max Seat #4 is the button
Seat 1: badknife (4594 in chips, $5 bounty) 
Seat 3: lizzy1971 (5309 in chips, $5 bounty) 
Seat 4: CaioP (4924 in chips, $5 bounty) 
Seat 5: KM9984 (5810 in chips, $5 bounty) 
Seat 6: Blufflillo (4949 in chips, $5 bounty) 
Seat 7: Gabrielfs13 (9432 in chips, $5 bounty) 
Seat 8: Burgisser-007 (10700 in chips, $7.50 bounty) 
badknife: posts the ante 18
lizzy1971: posts the ante 18
CaioP: posts the ante 18
KM9984: posts the ante 18
Blufflillo: posts the ante 18
Gabrielfs13: posts the ante 18
Burgisser-007: posts the ante 18
KM9984: posts small blind 60
Blufflillo: posts big blind 120
*** HOLE CARDS ***
Dealt to Gabrielfs13 [Ts 5c]
Gabrielfs13: folds 
Burgisser-007: raises 120 to 240
badknife: folds 
lizzy1971: folds 
CaioP: folds 
KM9984: calls 180
Blufflillo: calls 120
*** FLOP *** [Qh 5d 6c]
KM9984: checks 
Blufflillo: checks 
Burgisser-007: checks 
*** TURN *** [Qh 5d 6c] [6s]
KM9984: checks 
Blufflillo: bets 360
Burgisser-007: folds 
KM9984: folds 
Uncalled bet (360) returned to Blufflillo
Blufflillo collected 846 from pot
Blufflillo: doesn't show hand 
*** SUMMARY ***
Total pot 846 | Rake 0 
Board [Qh 5d 6c 6s]
Seat 1: badknife folded before Flop (didn't bet)
Seat 3: lizzy1971 folded before Flop (didn't bet)
Seat 4: CaioP (button) folded before Flop (didn't bet)
Seat 5: KM9984 (small blind) folded on the Turn
Seat 6: Blufflillo (big blind) collected (846)
Seat 7: Gabrielfs13 folded before Flop (didn't bet)
Seat 8: Burgisser-007 folded on the Turn



PokerStars Hand #257084566593: Tournament #3912600275, $4.80+$5.00+$1.20 USD Hold'em No Limit - Level II (60/120) - 2025/07/25 13:53:37 BRT [2025/07/25 12:53:37 ET]
Table '3912600275 3' 8-max Seat #5 is the button
Seat 1: badknife (4576 in chips, $5 bounty) 
Seat 3: lizzy1971 (5291 in chips, $5 bounty) 
Seat 4: CaioP (4906 in chips, $5 bounty) 
Seat 5: KM9984 (5552 in chips, $5 bounty) 
Seat 6: Blufflillo (5537 in chips, $5 bounty) 
Seat 7: Gabrielfs13 (9414 in chips, $5 bounty) 
Seat 8: Burgisser-007 (10442 in chips, $7.50 bounty) 
badknife: posts the ante 18
lizzy1971: posts the ante 18
CaioP: posts the ante 18
KM9984: posts the ante 18
Blufflillo: posts the ante 18
Gabrielfs13: posts the ante 18
Burgisser-007: posts the ante 18
Blufflillo: posts small blind 60
Gabrielfs13: posts big blind 120
*** HOLE CARDS ***
Dealt to Gabrielfs13 [4c Ad]
Burgisser-007: folds 
badknife: folds 
lizzy1971: folds 
CaioP: folds 
KM9984: folds 
Blufflillo: folds 
Uncalled bet (60) returned to Gabrielfs13
Gabrielfs13 collected 246 from pot
Gabrielfs13: doesn't show hand 
*** SUMMARY ***
Total pot 246 | Rake 0 
Seat 1: badknife folded before Flop (didn't bet)
Seat 3: lizzy1971 folded before Flop (didn't bet)
Seat 4: CaioP folded before Flop (didn't bet)
Seat 5: KM9984 (button) folded before Flop (didn't bet)
Seat 6: Blufflillo (small blind) folded before Flop
Seat 7: Gabrielfs13 (big blind) collected (246)
Seat 8: Burgisser-007 folded before Flop (didn't bet)



PokerStars Hand #257084570305: Tournament #3912600275, $4.80+$5.00+$1.20 USD Hold'em No Limit - Level II (60/120) - 2025/07/25 13:53:57 BRT [2025/07/25 12:53:57 ET]
Table '3912600275 3' 8-max Seat #6 is the button
Seat 1: badknife (4558 in chips, $5 bounty) 
Seat 3: lizzy1971 (5273 in chips, $5 bounty) 
Seat 4: CaioP (4888 in chips, $5 bounty) 
Seat 5: KM9984 (5534 in chips, $5 bounty) 
Seat 6: Blufflillo (5459 in chips, $5 bounty) 
Seat 7: Gabrielfs13 (9582 in chips, $5 bounty) 
Seat 8: Burgisser-007 (10424 in chips, $7.50 bounty) 
badknife: posts the ante 18
lizzy1971: posts the ante 18
CaioP: posts the ante 18
KM9984: posts the ante 18
Blufflillo: posts the ante 18
Gabrielfs13: posts the ante 18
Burgisser-007: posts the ante 18
Gabrielfs13: posts small blind 60
Burgisser-007: posts big blind 120
*** HOLE CARDS ***
Dealt to Gabrielfs13 [7s 9c]
badknife: folds 
lizzy1971: calls 120
CaioP: folds 
KM9984: calls 120
Burgisser-007 is disconnected 
Blufflillo: calls 120
Gabrielfs13: folds 
Burgisser-007 has timed out while disconnected
Burgisser-007: checks 
*** FLOP *** [4h Qd Kd]
Burgisser-007 is connected 
Burgisser-007 is disconnected 
Burgisser-007 is connected 
Burgisser-007: checks 
lizzy1971: checks 
KM9984: checks 
Blufflillo: bets 360
Burgisser-007: calls 360
lizzy1971: folds 
KM9984: folds 
*** TURN *** [4h Qd Kd] [5h]
Burgisser-007: checks 
Blufflillo: bets 720
Burgisser-007: calls 720
*** RIVER *** [4h Qd Kd 5h] [4d]
Burgisser-007: checks 
Blufflillo: bets 1200
Burgisser-007: folds 
Uncalled bet (1200) returned to Blufflillo
Blufflillo collected 2826 from pot
Blufflillo: doesn't show hand 
*** SUMMARY ***
Total pot 2826 | Rake 0 
Board [4h Qd Kd 5h 4d]
Seat 1: badknife folded before Flop (didn't bet)
Seat 3: lizzy1971 folded on the Flop
Seat 4: CaioP folded before Flop (didn't bet)
Seat 5: KM9984 folded on the Flop
Seat 6: Blufflillo (button) collected (2826)
Seat 7: Gabrielfs13 (small blind) folded before Flop
Seat 8: Burgisser-007 (big blind) folded on the River



PokerStars Hand #257084633494: Tournament #3912600275, $4.80+$5.00+$1.20 USD Hold'em No Limit - Level II (60/120) - 2025/07/25 14:01:10 BRT [2025/07/25 13:01:10 ET]
Table '3912600275 3' 8-max Seat #7 is the button
Seat 1: badknife (4540 in chips, $5 bounty) 
Seat 2: Enigma5557 (5000 in chips, $5 bounty) 
Seat 3: lizzy1971 (5135 in chips, $5 bounty) 
Seat 4: CaioP (4870 in chips, $5 bounty) 
Seat 6: Blufflillo (7067 in chips, $5 bounty) 
Seat 7: Gabrielfs13 (9504 in chips, $5 bounty) 
Seat 8: Burgisser-007 (9206 in chips, $7.50 bounty) 
badknife: posts the ante 18
Enigma5557: posts the ante 18
lizzy1971: posts the ante 18
CaioP: posts the ante 18
Blufflillo: posts the ante 18
Gabrielfs13: posts the ante 18
Burgisser-007: posts the ante 18
Burgisser-007: posts small blind 60
badknife: posts big blind 120
*** HOLE CARDS ***
Dealt to Gabrielfs13 [3d 4d]
Enigma5557: folds 
lizzy1971: folds 
CaioP: folds 
Blufflillo: folds 
Gabrielfs13: raises 120 to 240
Burgisser-007: calls 180
badknife: calls 120
*** FLOP *** [3s 6c Jd]
Burgisser-007: checks 
badknife: checks 
Gabrielfs13: checks 
*** TURN *** [3s 6c Jd] [Jc]
Burgisser-007: checks 
badknife: checks 
Gabrielfs13: checks 
*** RIVER *** [3s 6c Jd Jc] [Ah]
Burgisser-007: checks 
badknife: checks 
Gabrielfs13: checks 
*** SHOW DOWN ***
Burgisser-007: shows [Ac 7c] (two pair, Aces and Jacks)
badknife: mucks hand 
Gabrielfs13: mucks hand 
Burgisser-007 collected 846 from pot
*** SUMMARY ***
Total pot 846 | Rake 0 
Board [3s 6c Jd Jc Ah]
Seat 1: badknife (big blind) mucked [8c 9s]
Seat 2: Enigma5557 folded before Flop (didn't bet)
Seat 3: lizzy1971 folded before Flop (didn't bet)
Seat 4: CaioP folded before Flop (didn't bet)
Seat 6: Blufflillo folded before Flop (didn't bet)
Seat 7: Gabrielfs13 (button) mucked [3d 4d]
Seat 8: Burgisser-007 (small blind) showed [Ac 7c] and won (846) with two pair, Aces and Jacks



PokerStars Hand #257084645070: Tournament #3912600275, $4.80+$5.00+$1.20 USD Hold'em No Limit - Level III (70/140) - 2025/07/25 14:02:19 BRT [2025/07/25 13:02:19 ET]
Table '3912600275 3' 8-max Seat #8 is the button
Seat 1: badknife (4282 in chips, $5 bounty) 
Seat 2: Enigma5557 (4982 in chips, $5 bounty) 
Seat 3: lizzy1971 (5117 in chips, $5 bounty) 
Seat 4: CaioP (4852 in chips, $5 bounty) 
Seat 6: Blufflillo (7049 in chips, $5 bounty) 
Seat 7: Gabrielfs13 (9246 in chips, $5 bounty) 
Seat 8: Burgisser-007 (9794 in chips, $7.50 bounty) 
badknife: posts the ante 21
Enigma5557: posts the ante 21
lizzy1971: posts the ante 21
CaioP: posts the ante 21
Blufflillo: posts the ante 21
Gabrielfs13: posts the ante 21
Burgisser-007: posts the ante 21
badknife: posts small blind 70
Enigma5557: posts big blind 140
*** HOLE CARDS ***
Dealt to Gabrielfs13 [7d 2d]
lizzy1971: folds 
CaioP: folds 
Blufflillo: folds 
Gabrielfs13: folds 
Burgisser-007: folds 
badknife: raises 280 to 420
Enigma5557: calls 280
*** FLOP *** [9c 4d Qd]
badknife: checks 
Enigma5557: bets 543
BangoSmalls is disconnected 
badknife: calls 543
*** TURN *** [9c 4d Qd] [9h]
badknife: checks 
Enigma5557: bets 684
badknife: calls 684
*** RIVER *** [9c 4d Qd 9h] [Ad]
badknife: checks 
Enigma5557: checks 
*** SHOW DOWN ***
badknife: shows [7c Ah] (two pair, Aces and Nines)
Enigma5557: mucks hand 
badknife collected 3441 from pot
*** SUMMARY ***
Total pot 3441 | Rake 0 
Board [9c 4d Qd 9h Ad]
Seat 1: badknife (small blind) showed [7c Ah] and won (3441) with two pair, Aces and Nines
Seat 2: Enigma5557 (big blind) mucked [Ts Qh]
Seat 3: lizzy1971 folded before Flop (didn't bet)
Seat 4: CaioP folded before Flop (didn't bet)
Seat 6: Blufflillo folded before Flop (didn't bet)
Seat 7: Gabrielfs13 folded before Flop (didn't bet)
Seat 8: Burgisser-007 (button) folded before Flop (didn't bet)



PokerStars Hand #257084655110: Tournament #3912600275, $4.80+$5.00+$1.20 USD Hold'em No Limit - Level III (70/140) - 2025/07/25 14:03:14 BRT [2025/07/25 13:03:14 ET]
Table '3912600275 3' 8-max Seat #1 is the button
Seat 1: badknife (6055 in chips, $5 bounty) 
Seat 2: Enigma5557 (3314 in chips, $5 bounty) 
Seat 3: lizzy1971 (5096 in chips, $5 bounty) 
Seat 4: CaioP (4831 in chips, $5 bounty) 
Seat 5: BangoSmalls (5000 in chips, $5 bounty) 
Seat 6: Blufflillo (7028 in chips, $5 bounty) 
Seat 7: Gabrielfs13 (9225 in chips, $5 bounty) 
Seat 8: Burgisser-007 (9773 in chips, $7.50 bounty) 
badknife: posts the ante 21
Enigma5557: posts the ante 21
lizzy1971: posts the ante 21
CaioP: posts the ante 21
BangoSmalls: posts the ante 21
Blufflillo: posts the ante 21
Gabrielfs13: posts the ante 21
Burgisser-007: posts the ante 21
Enigma5557: posts small blind 70
lizzy1971: posts big blind 140
*** HOLE CARDS ***
Dealt to Gabrielfs13 [9c 9h]
CaioP: folds 
BangoSmalls: raises 140 to 280
Blufflillo: folds 
Gabrielfs13: raises 420 to 700
Burgisser-007: folds 
badknife: folds 
Enigma5557: folds 
lizzy1971: folds 
BangoSmalls: calls 420
*** FLOP *** [6d 5h 6c]
BangoSmalls: checks 
Gabrielfs13: bets 587
BangoSmalls: folds 
Uncalled bet (587) returned to Gabrielfs13
Gabrielfs13 collected 1778 from pot
Gabrielfs13: doesn't show hand 
*** SUMMARY ***
Total pot 1778 | Rake 0 
Board [6d 5h 6c]
Seat 1: badknife (button) folded before Flop (didn't bet)
Seat 2: Enigma5557 (small blind) folded before Flop
Seat 3: lizzy1971 (big blind) folded before Flop
Seat 4: CaioP folded before Flop (didn't bet)
Seat 5: BangoSmalls folded on the Flop
Seat 6: Blufflillo folded before Flop (didn't bet)
Seat 7: Gabrielfs13 collected (1778)
Seat 8: Burgisser-007 folded before Flop (didn't bet)



PokerStars Hand #257084666357: Tournament #3912600275, $4.80+$5.00+$1.20 USD Hold'em No Limit - Level III (70/140) - 2025/07/25 14:04:15 BRT [2025/07/25 13:04:15 ET]
Table '3912600275 3' 8-max Seat #2 is the button
Seat 1: badknife (6034 in chips, $5 bounty) 
Seat 2: Enigma5557 (3223 in chips, $5 bounty) 
Seat 3: lizzy1971 (4935 in chips, $5 bounty) 
Seat 4: CaioP (4810 in chips, $5 bounty) 
Seat 5: BangoSmalls (4279 in chips, $5 bounty) 
Seat 6: Blufflillo (7007 in chips, $5 bounty) 
Seat 7: Gabrielfs13 (10282 in chips, $5 bounty) 
Seat 8: Burgisser-007 (9752 in chips, $7.50 bounty) 
badknife: posts the ante 21
Enigma5557: posts the ante 21
lizzy1971: posts the ante 21
CaioP: posts the ante 21
BangoSmalls: posts the ante 21
Blufflillo: posts the ante 21
Gabrielfs13: posts the ante 21
Burgisser-007: posts the ante 21
lizzy1971: posts small blind 70
CaioP: posts big blind 140
*** HOLE CARDS ***
Dealt to Gabrielfs13 [Kc Qc]
BangoSmalls: folds 
Blufflillo: folds 
Gabrielfs13: raises 140 to 280
Burgisser-007: folds 
badknife: folds 
Enigma5557: folds 
lizzy1971: folds 
CaioP: folds 
Uncalled bet (140) returned to Gabrielfs13
Gabrielfs13 collected 518 from pot
Gabrielfs13: doesn't show hand 
*** SUMMARY ***
Total pot 518 | Rake 0 
Seat 1: badknife folded before Flop (didn't bet)
Seat 2: Enigma5557 (button) folded before Flop (didn't bet)
Seat 3: lizzy1971 (small blind) folded before Flop
Seat 4: CaioP (big blind) folded before Flop
Seat 5: BangoSmalls folded before Flop (didn't bet)
Seat 6: Blufflillo folded before Flop (didn't bet)
Seat 7: Gabrielfs13 collected (518)
Seat 8: Burgisser-007 folded before Flop (didn't bet)



PokerStars Hand #257084671907: Tournament #3912600275, $4.80+$5.00+$1.20 USD Hold'em No Limit - Level III (70/140) - 2025/07/25 14:04:45 BRT [2025/07/25 13:04:45 ET]
Table '3912600275 3' 8-max Seat #3 is the button
Seat 1: badknife (6013 in chips, $5 bounty) 
Seat 2: Enigma5557 (3202 in chips, $5 bounty) 
Seat 3: lizzy1971 (4844 in chips, $5 bounty) 
Seat 4: CaioP (4649 in chips, $5 bounty) 
Seat 5: BangoSmalls (4258 in chips, $5 bounty) 
Seat 6: Blufflillo (6986 in chips, $5 bounty) 
Seat 7: Gabrielfs13 (10639 in chips, $5 bounty) 
Seat 8: Burgisser-007 (9731 in chips, $7.50 bounty) 
badknife: posts the ante 21
Enigma5557: posts the ante 21
lizzy1971: posts the ante 21
CaioP: posts the ante 21
BangoSmalls: posts the ante 21
Blufflillo: posts the ante 21
Gabrielfs13: posts the ante 21
Burgisser-007: posts the ante 21
CaioP: posts small blind 70
BangoSmalls: posts big blind 140
*** HOLE CARDS ***
Dealt to Gabrielfs13 [6s Tc]
Blufflillo: folds 
Gabrielfs13: folds 
Burgisser-007: folds 
badknife: folds 
Enigma5557: raises 168 to 308
lizzy1971: folds 
CaioP: folds 
BangoSmalls: folds 
Uncalled bet (168) returned to Enigma5557
Enigma5557 collected 518 from pot
Enigma5557: doesn't show hand 
*** SUMMARY ***
Total pot 518 | Rake 0 
Seat 1: badknife folded before Flop (didn't bet)
Seat 2: Enigma5557 collected (518)
Seat 3: lizzy1971 (button) folded before Flop (didn't bet)
Seat 4: CaioP (small blind) folded before Flop
Seat 5: BangoSmalls (big blind) folded before Flop
Seat 6: Blufflillo folded before Flop (didn't bet)
Seat 7: Gabrielfs13 folded before Flop (didn't bet)
Seat 8: Burgisser-007 folded before Flop (didn't bet)



PokerStars Hand #257084678386: Tournament #3912600275, $4.80+$5.00+$1.20 USD Hold'em No Limit - Level III (70/140) - 2025/07/25 14:05:20 BRT [2025/07/25 13:05:20 ET]
Table '3912600275 3' 8-max Seat #4 is the button
Seat 1: badknife (5992 in chips, $5 bounty) 
Seat 2: Enigma5557 (3559 in chips, $5 bounty) 
Seat 3: lizzy1971 (4823 in chips, $5 bounty) 
Seat 4: CaioP (4558 in chips, $5 bounty) 
Seat 5: BangoSmalls (4097 in chips, $5 bounty) 
Seat 6: Blufflillo (6965 in chips, $5 bounty) 
Seat 7: Gabrielfs13 (10618 in chips, $5 bounty) 
Seat 8: Burgisser-007 (9710 in chips, $7.50 bounty) 
badknife: posts the ante 21
Enigma5557: posts the ante 21
lizzy1971: posts the ante 21
CaioP: posts the ante 21
BangoSmalls: posts the ante 21
Blufflillo: posts the ante 21
Gabrielfs13: posts the ante 21
Burgisser-007: posts the ante 21
BangoSmalls: posts small blind 70
Blufflillo: posts big blind 140
*** HOLE CARDS ***
Dealt to Gabrielfs13 [8d 2s]
Gabrielfs13: folds 
Burgisser-007: folds 
badknife: folds 
Enigma5557: folds 
lizzy1971: folds 
CaioP: folds 
BangoSmalls: raises 140 to 280
Blufflillo: folds 
Uncalled bet (140) returned to BangoSmalls
BangoSmalls collected 448 from pot
BangoSmalls: doesn't show hand 
*** SUMMARY ***
Total pot 448 | Rake 0 
Seat 1: badknife folded before Flop (didn't bet)
Seat 2: Enigma5557 folded before Flop (didn't bet)
Seat 3: lizzy1971 folded before Flop (didn't bet)
Seat 4: CaioP (button) folded before Flop (didn't bet)
Seat 5: BangoSmalls (small blind) collected (448)
Seat 6: Blufflillo (big blind) folded before Flop
Seat 7: Gabrielfs13 folded before Flop (didn't bet)
Seat 8: Burgisser-007 folded before Flop (didn't bet)



PokerStars Hand #257084680674: Tournament #3912600275, $4.80+$5.00+$1.20 USD Hold'em No Limit - Level III (70/140) - 2025/07/25 14:05:32 BRT [2025/07/25 13:05:32 ET]
Table '3912600275 3' 8-max Seat #5 is the button
Seat 1: badknife (5971 in chips, $5 bounty) 
Seat 2: Enigma5557 (3538 in chips, $5 bounty) 
Seat 3: lizzy1971 (4802 in chips, $5 bounty) 
Seat 4: CaioP (4537 in chips, $5 bounty) 
Seat 5: BangoSmalls (4384 in chips, $5 bounty) 
Seat 6: Blufflillo (6804 in chips, $5 bounty) 
Seat 7: Gabrielfs13 (10597 in chips, $5 bounty) 
Seat 8: Burgisser-007 (9689 in chips, $7.50 bounty) 
badknife: posts the ante 21
Enigma5557: posts the ante 21
lizzy1971: posts the ante 21
CaioP: posts the ante 21
BangoSmalls: posts the ante 21
Blufflillo: posts the ante 21
Gabrielfs13: posts the ante 21
Burgisser-007: posts the ante 21
Blufflillo: posts small blind 70
Gabrielfs13: posts big blind 140
*** HOLE CARDS ***
Dealt to Gabrielfs13 [As Ah]
Burgisser-007: folds 
badknife: folds 
Enigma5557: folds 
lizzy1971: folds 
CaioP: folds 
BangoSmalls: raises 140 to 280
Blufflillo: folds 
Gabrielfs13: raises 700 to 980
BangoSmalls: calls 700
*** FLOP *** [Td 2d 8c]
Gabrielfs13: bets 560
BangoSmalls: calls 560
*** TURN *** [Td 2d 8c] [Qh]
Gabrielfs13: checks 
BangoSmalls: bets 1260
Gabrielfs13: raises 1820 to 3080
BangoSmalls: folds 
Uncalled bet (1820) returned to Gabrielfs13
Gabrielfs13 collected 5838 from pot
Gabrielfs13: doesn't show hand 
*** SUMMARY ***
Total pot 5838 | Rake 0 
Board [Td 2d 8c Qh]
Seat 1: badknife folded before Flop (didn't bet)
Seat 2: Enigma5557 folded before Flop (didn't bet)
Seat 3: lizzy1971 folded before Flop (didn't bet)
Seat 4: CaioP folded before Flop (didn't bet)
Seat 5: BangoSmalls (button) folded on the Turn
Seat 6: Blufflillo (small blind) folded before Flop
Seat 7: Gabrielfs13 (big blind) collected (5838)
Seat 8: Burgisser-007 folded before Flop (didn't bet)



PokerStars Hand #257084693369: Tournament #3912600275, $4.80+$5.00+$1.20 USD Hold'em No Limit - Level IV (80/160) - 2025/07/25 14:06:40 BRT [2025/07/25 13:06:40 ET]
Table '3912600275 3' 8-max Seat #6 is the button
Seat 1: badknife (5950 in chips, $5 bounty) 
Seat 2: Enigma5557 (3517 in chips, $5 bounty) 
Seat 3: lizzy1971 (4781 in chips, $5 bounty) 
Seat 4: CaioP (4516 in chips, $5 bounty) 
Seat 5: BangoSmalls (1563 in chips, $5 bounty) 
Seat 6: Blufflillo (6713 in chips, $5 bounty) 
Seat 7: Gabrielfs13 (13614 in chips, $5 bounty) 
Seat 8: Burgisser-007 (9668 in chips, $7.50 bounty) 
badknife: posts the ante 24
Enigma5557: posts the ante 24
lizzy1971: posts the ante 24
CaioP: posts the ante 24
BangoSmalls: posts the ante 24
Blufflillo: posts the ante 24
Gabrielfs13: posts the ante 24
Burgisser-007: posts the ante 24
Gabrielfs13: posts small blind 80
Burgisser-007: posts big blind 160
*** HOLE CARDS ***
Dealt to Gabrielfs13 [5c 7h]
badknife: folds 
Enigma5557: folds 
lizzy1971: calls 160
CaioP: raises 400 to 560
BangoSmalls: raises 979 to 1539 and is all-in
Blufflillo: calls 1539
Gabrielfs13: folds 
Burgisser-007: folds 
lizzy1971: calls 1379
CaioP: raises 2953 to 4492 and is all-in
Blufflillo: raises 2197 to 6689 and is all-in
lizzy1971: calls 3218 and is all-in
Uncalled bet (1932) returned to Blufflillo
*** FLOP *** [6h Tc Kd]
*** TURN *** [6h Tc Kd] [Ac]
*** RIVER *** [6h Tc Kd Ac] [9c]
*** SHOW DOWN ***
lizzy1971: shows [9d 9h] (three of a kind, Nines)
Blufflillo: shows [As Qs] (a pair of Aces)
lizzy1971 collected 530 from side pot-2 
CaioP: shows [Kh Qd] (a pair of Kings)
lizzy1971 collected 8859 from side pot-1 
BangoSmalls: shows [4h Ah] (a pair of Aces)
lizzy1971 collected 6588 from main pot
lizzy1971 wins $2.50 for eliminating CaioP and their own bounty increases by $2.50 to $7.50
lizzy1971 wins $2.50 for eliminating BangoSmalls and their own bounty increases by $2.50 to $10
CaioP finished the tournament
BangoSmalls finished the tournament
*** SUMMARY ***
Total pot 15977 Main pot 6588. Side pot-1 8859. Side pot-2 530. | Rake 0 
Board [6h Tc Kd Ac 9c]
Seat 1: badknife folded before Flop (didn't bet)
Seat 2: Enigma5557 folded before Flop (didn't bet)
Seat 3: lizzy1971 showed [9d 9h] and won (15977) with three of a kind, Nines
Seat 4: CaioP showed [Kh Qd] and lost with a pair of Kings
Seat 5: BangoSmalls showed [4h Ah] and lost with a pair of Aces
Seat 6: Blufflillo (button) showed [As Qs] and lost with a pair of Aces
Seat 7: Gabrielfs13 (small blind) folded before Flop
Seat 8: Burgisser-007 (big blind) folded before Flop



PokerStars Hand #257084701746: Tournament #3912600275, $4.80+$5.00+$1.20 USD Hold'em No Limit - Level IV (80/160) - 2025/07/25 14:07:25 BRT [2025/07/25 13:07:25 ET]
Table '3912600275 3' 8-max Seat #7 is the button
Seat 1: badknife (5926 in chips, $5 bounty) 
Seat 2: Enigma5557 (3493 in chips, $5 bounty) 
Seat 3: lizzy1971 (15977 in chips, $10 bounty) 
Seat 6: Blufflillo (1932 in chips, $5 bounty) 
Seat 7: Gabrielfs13 (13510 in chips, $5 bounty) 
Seat 8: Burgisser-007 (9484 in chips, $7.50 bounty) 
badknife: posts the ante 24
Enigma5557: posts the ante 24
lizzy1971: posts the ante 24
Blufflillo: posts the ante 24
Gabrielfs13: posts the ante 24
Burgisser-007: posts the ante 24
Burgisser-007: posts small blind 80
badknife: posts big blind 160
*** HOLE CARDS ***
Dealt to Gabrielfs13 [Th 3c]
louisbinns is disconnected 
Enigma5557: folds 
lizzy1971: folds 
Blufflillo: folds 
Gabrielfs13: folds 
Burgisser-007: folds 
Uncalled bet (80) returned to badknife
badknife collected 304 from pot
*** SUMMARY ***
Total pot 304 | Rake 0 
Seat 1: badknife (big blind) collected (304)
Seat 2: Enigma5557 folded before Flop (didn't bet)
Seat 3: lizzy1971 folded before Flop (didn't bet)
Seat 6: Blufflillo folded before Flop (didn't bet)
Seat 7: Gabrielfs13 (button) folded before Flop (didn't bet)
Seat 8: Burgisser-007 (small blind) folded before Flop



PokerStars Hand #257084707219: Tournament #3912600275, $4.80+$5.00+$1.20 USD Hold'em No Limit - Level IV (80/160) - 2025/07/25 14:07:54 BRT [2025/07/25 13:07:54 ET]
Table '3912600275 3' 8-max Seat #8 is the button
Seat 1: badknife (6126 in chips, $5 bounty) 
Seat 2: Enigma5557 (3469 in chips, $5 bounty) 
Seat 3: lizzy1971 (15953 in chips, $10 bounty) 
Seat 4: louisbinns (8945 in chips, $7.50 bounty) 
Seat 6: Blufflillo (1908 in chips, $5 bounty) 
Seat 7: Gabrielfs13 (13486 in chips, $5 bounty) 
Seat 8: Burgisser-007 (9380 in chips, $7.50 bounty) 
badknife: posts the ante 24
Enigma5557: posts the ante 24
lizzy1971: posts the ante 24
louisbinns: posts the ante 24
Blufflillo: posts the ante 24
Gabrielfs13: posts the ante 24
Burgisser-007: posts the ante 24
badknife: posts small blind 80
Enigma5557: posts big blind 160
*** HOLE CARDS ***
Dealt to Gabrielfs13 [4c Th]
lizzy1971: calls 160
louisbinns: folds 
Blufflillo: folds 
Gabrielfs13: folds 
Burgisser-007: folds 
badknife: calls 80
Enigma5557: checks 
*** FLOP *** [9d 2h 2d]
badknife: checks 
Enigma5557: checks 
lizzy1971: checks 
*** TURN *** [9d 2h 2d] [5s]
badknife: checks 
Enigma5557: checks 
lizzy1971: checks 
*** RIVER *** [9d 2h 2d 5s] [Ad]
badknife: checks 
Enigma5557: bets 320
lizzy1971: calls 320
badknife: folds 
*** SHOW DOWN ***
Enigma5557: shows [4d 3h] (a straight, Ace to Five)
lizzy1971: mucks hand 
Enigma5557 collected 1288 from pot
*** SUMMARY ***
Total pot 1288 | Rake 0 
Board [9d 2h 2d 5s Ad]
Seat 1: badknife (small blind) folded on the River
Seat 2: Enigma5557 (big blind) showed [4d 3h] and won (1288) with a straight, Ace to Five
Seat 3: lizzy1971 mucked [Ac Jh]
Seat 4: louisbinns folded before Flop (didn't bet)
Seat 6: Blufflillo folded before Flop (didn't bet)
Seat 7: Gabrielfs13 folded before Flop (didn't bet)
Seat 8: Burgisser-007 (button) folded before Flop (didn't bet)



PokerStars Hand #257084719328: Tournament #3912600275, $4.80+$5.00+$1.20 USD Hold'em No Limit - Level IV (80/160) - 2025/07/25 14:08:58 BRT [2025/07/25 13:08:58 ET]
Table '3912600275 3' 8-max Seat #1 is the button
Seat 1: badknife (5942 in chips, $5 bounty) 
Seat 2: Enigma5557 (4253 in chips, $5 bounty) 
Seat 3: lizzy1971 (15449 in chips, $10 bounty) 
Seat 4: louisbinns (8921 in chips, $7.50 bounty) 
Seat 6: Blufflillo (1884 in chips, $5 bounty) 
Seat 7: Gabrielfs13 (13462 in chips, $5 bounty) 
Seat 8: Burgisser-007 (9356 in chips, $7.50 bounty) 
badknife: posts the ante 24
Enigma5557: posts the ante 24
lizzy1971: posts the ante 24
louisbinns: posts the ante 24
Blufflillo: posts the ante 24
Gabrielfs13: posts the ante 24
Burgisser-007: posts the ante 24
Enigma5557: posts small blind 80
lizzy1971: posts big blind 160
*** HOLE CARDS ***
Dealt to Gabrielfs13 [4d 3h]
louisbinns: folds 
Blufflillo: folds 
Gabrielfs13: folds 
TSELEPI is disconnected 
Burgisser-007: raises 320 to 480
badknife: folds 
Enigma5557: folds 
lizzy1971: calls 320
*** FLOP *** [4s 6c 4h]
lizzy1971: checks 
Burgisser-007: bets 480
lizzy1971: folds 
Uncalled bet (480) returned to Burgisser-007
Burgisser-007 collected 1208 from pot
*** SUMMARY ***
Total pot 1208 | Rake 0 
Board [4s 6c 4h]
Seat 1: badknife (button) folded before Flop (didn't bet)
Seat 2: Enigma5557 (small blind) folded before Flop
Seat 3: lizzy1971 (big blind) folded on the Flop
Seat 4: louisbinns folded before Flop (didn't bet)
Seat 6: Blufflillo folded before Flop (didn't bet)
Seat 7: Gabrielfs13 folded before Flop (didn't bet)
Seat 8: Burgisser-007 collected (1208)



PokerStars Hand #257084726315: Tournament #3912600275, $4.80+$5.00+$1.20 USD Hold'em No Limit - Level IV (80/160) - 2025/07/25 14:09:35 BRT [2025/07/25 13:09:35 ET]
Table '3912600275 3' 8-max Seat #2 is the button
Seat 1: badknife (5918 in chips, $5 bounty) 
Seat 2: Enigma5557 (4149 in chips, $5 bounty) 
Seat 3: lizzy1971 (14945 in chips, $10 bounty) 
Seat 4: louisbinns (8897 in chips, $7.50 bounty) 
Seat 5: TSELEPI (5000 in chips, $5 bounty) 
Seat 6: Blufflillo (1860 in chips, $5 bounty) 
Seat 7: Gabrielfs13 (13438 in chips, $5 bounty) 
Seat 8: Burgisser-007 (10060 in chips, $7.50 bounty) 
badknife: posts the ante 24
Enigma5557: posts the ante 24
lizzy1971: posts the ante 24
louisbinns: posts the ante 24
TSELEPI: posts the ante 24
Blufflillo: posts the ante 24
Gabrielfs13: posts the ante 24
Burgisser-007: posts the ante 24
lizzy1971: posts small blind 80
louisbinns: posts big blind 160
*** HOLE CARDS ***
Dealt to Gabrielfs13 [7h 3c]
TSELEPI: folds 
Blufflillo: raises 1676 to 1836 and is all-in
Gabrielfs13: folds 
Burgisser-007: folds 
badknife: folds 
Enigma5557: folds 
lizzy1971: folds 
louisbinns: calls 1676
*** FLOP *** [7d Ah 8s]
*** TURN *** [7d Ah 8s] [4c]
*** RIVER *** [7d Ah 8s 4c] [8h]
*** SHOW DOWN ***
louisbinns: shows [9c Jc] (a pair of Eights)
Blufflillo: shows [Ks As] (two pair, Aces and Eights)
Blufflillo collected 3944 from pot
*** SUMMARY ***
Total pot 3944 | Rake 0 
Board [7d Ah 8s 4c 8h]
Seat 1: badknife folded before Flop (didn't bet)
Seat 2: Enigma5557 (button) folded before Flop (didn't bet)
Seat 3: lizzy1971 (small blind) folded before Flop
Seat 4: louisbinns (big blind) showed [9c Jc] and lost with a pair of Eights
Seat 5: TSELEPI folded before Flop (didn't bet)
Seat 6: Blufflillo showed [Ks As] and won (3944) with two pair, Aces and Eights
Seat 7: Gabrielfs13 folded before Flop (didn't bet)
Seat 8: Burgisser-007 folded before Flop (didn't bet)



PokerStars Hand #257084730916: Tournament #3912600275, $4.80+$5.00+$1.20 USD Hold'em No Limit - Level IV (80/160) - 2025/07/25 14:09:59 BRT [2025/07/25 13:09:59 ET]
Table '3912600275 3' 8-max Seat #3 is the button
Seat 1: badknife (5894 in chips, $5 bounty) 
Seat 2: Enigma5557 (4125 in chips, $5 bounty) 
Seat 3: lizzy1971 (14841 in chips, $10 bounty) 
Seat 4: louisbinns (7037 in chips, $7.50 bounty) 
Seat 5: TSELEPI (4976 in chips, $5 bounty) 
Seat 6: Blufflillo (3944 in chips, $5 bounty) 
Seat 7: Gabrielfs13 (13414 in chips, $5 bounty) 
Seat 8: Burgisser-007 (10036 in chips, $7.50 bounty) 
badknife: posts the ante 24
Enigma5557: posts the ante 24
lizzy1971: posts the ante 24
louisbinns: posts the ante 24
TSELEPI: posts the ante 24
Blufflillo: posts the ante 24
Gabrielfs13: posts the ante 24
Burgisser-007: posts the ante 24
louisbinns: posts small blind 80
TSELEPI: posts big blind 160
*** HOLE CARDS ***
Dealt to Gabrielfs13 [As Th]
Blufflillo: folds 
Gabrielfs13: raises 160 to 320
Burgisser-007: folds 
badknife: folds 
Enigma5557: folds 
lizzy1971: folds 
louisbinns: folds 
TSELEPI: calls 160
*** FLOP *** [2c Qs 3s]
TSELEPI: checks 
Gabrielfs13: bets 240
TSELEPI: folds 
Uncalled bet (240) returned to Gabrielfs13
Gabrielfs13 collected 912 from pot
Gabrielfs13: doesn't show hand 
*** SUMMARY ***
Total pot 912 | Rake 0 
Board [2c Qs 3s]
Seat 1: badknife folded before Flop (didn't bet)
Seat 2: Enigma5557 folded before Flop (didn't bet)
Seat 3: lizzy1971 (button) folded before Flop (didn't bet)
Seat 4: louisbinns (small blind) folded before Flop
Seat 5: TSELEPI (big blind) folded on the Flop
Seat 6: Blufflillo folded before Flop (didn't bet)
Seat 7: Gabrielfs13 collected (912)
Seat 8: Burgisser-007 folded before Flop (didn't bet)



PokerStars Hand #257084740201: Tournament #3912600275, $4.80+$5.00+$1.20 USD Hold'em No Limit - Level IV (80/160) - 2025/07/25 14:10:47 BRT [2025/07/25 13:10:47 ET]
Table '3912600275 3' 8-max Seat #4 is the button
Seat 1: badknife (5870 in chips, $5 bounty) 
Seat 2: Enigma5557 (4101 in chips, $5 bounty) 
Seat 3: lizzy1971 (14817 in chips, $10 bounty) 
Seat 4: louisbinns (6933 in chips, $7.50 bounty) 
Seat 5: TSELEPI (4632 in chips, $5 bounty) 
Seat 6: Blufflillo (3920 in chips, $5 bounty) 
Seat 7: Gabrielfs13 (13982 in chips, $5 bounty) 
Seat 8: Burgisser-007 (10012 in chips, $7.50 bounty) 
badknife: posts the ante 24
Enigma5557: posts the ante 24
lizzy1971: posts the ante 24
louisbinns: posts the ante 24
TSELEPI: posts the ante 24
Blufflillo: posts the ante 24
Gabrielfs13: posts the ante 24
Burgisser-007: posts the ante 24
TSELEPI: posts small blind 80
Blufflillo: posts big blind 160
*** HOLE CARDS ***
Dealt to Gabrielfs13 [9s Kd]
Gabrielfs13: folds 
Burgisser-007: folds 
badknife: raises 160 to 320
Enigma5557: folds 
lizzy1971 has timed out
lizzy1971: folds 
lizzy1971 is sitting out
louisbinns: folds 
TSELEPI: calls 240
Blufflillo: calls 160
*** FLOP *** [7d 5c Ts]
TSELEPI: checks 
Blufflillo: checks 
badknife: checks 
*** TURN *** [7d 5c Ts] [7h]
TSELEPI: checks 
Blufflillo: checks 
badknife: checks 
*** RIVER *** [7d 5c Ts 7h] [9d]
TSELEPI: checks 
Blufflillo: checks 
badknife: checks 
*** SHOW DOWN ***
TSELEPI: shows [Jc Qh] (a pair of Sevens)
Blufflillo: mucks hand 
badknife: shows [Jd Ks] (a pair of Sevens - King kicker)
badknife collected 1152 from pot
*** SUMMARY ***
Total pot 1152 | Rake 0 
Board [7d 5c Ts 7h 9d]
Seat 1: badknife showed [Jd Ks] and won (1152) with a pair of Sevens
Seat 2: Enigma5557 folded before Flop (didn't bet)
Seat 3: lizzy1971 folded before Flop (didn't bet)
Seat 4: louisbinns (button) folded before Flop (didn't bet)
Seat 5: TSELEPI (small blind) showed [Jc Qh] and lost with a pair of Sevens
Seat 6: Blufflillo (big blind) mucked [Qc 3d]
Seat 7: Gabrielfs13 folded before Flop (didn't bet)
Seat 8: Burgisser-007 folded before Flop (didn't bet)



PokerStars Hand #257084763725: Tournament #3912600275, $4.80+$5.00+$1.20 USD Hold'em No Limit - Level V (90/180) - 2025/07/25 14:12:50 BRT [2025/07/25 13:12:50 ET]
Table '3912600275 3' 8-max Seat #5 is the button
Seat 2: Enigma5557 (4077 in chips, $5 bounty) 
Seat 3: lizzy1971 (14793 in chips, $10 bounty) is sitting out
Seat 4: louisbinns (6909 in chips, $7.50 bounty) 
Seat 5: TSELEPI (4288 in chips, $5 bounty) 
Seat 6: Blufflillo (3576 in chips, $5 bounty) 
Seat 7: Gabrielfs13 (13958 in chips, $5 bounty) 
Seat 8: Burgisser-007 (9988 in chips, $7.50 bounty) 
Enigma5557: posts the ante 27
lizzy1971: posts the ante 27
louisbinns: posts the ante 27
TSELEPI: posts the ante 27
Blufflillo: posts the ante 27
Gabrielfs13: posts the ante 27
Burgisser-007: posts the ante 27
Blufflillo: posts small blind 90
Gabrielfs13: posts big blind 180
*** HOLE CARDS ***
Dealt to Gabrielfs13 [Kh 8c]
Burgisser-007: folds 
Enigma5557: folds 
lizzy1971: folds 
louisbinns: folds 
TSELEPI: folds 
Blufflillo: folds 
Uncalled bet (90) returned to Gabrielfs13
Gabrielfs13 collected 369 from pot
Gabrielfs13: doesn't show hand 
*** SUMMARY ***
Total pot 369 | Rake 0 
Seat 2: Enigma5557 folded before Flop (didn't bet)
Seat 3: lizzy1971 folded before Flop (didn't bet)
Seat 4: louisbinns folded before Flop (didn't bet)
Seat 5: TSELEPI (button) folded before Flop (didn't bet)
Seat 6: Blufflillo (small blind) folded before Flop
Seat 7: Gabrielfs13 (big blind) collected (369)
Seat 8: Burgisser-007 folded before Flop (didn't bet)



PokerStars Hand #257084765555: Tournament #3912600275, $4.80+$5.00+$1.20 USD Hold'em No Limit - Level V (90/180) - 2025/07/25 14:13:00 BRT [2025/07/25 13:13:00 ET]
Table '3912600275 3' 8-max Seat #6 is the button
Seat 2: Enigma5557 (4050 in chips, $5 bounty) 
Seat 3: lizzy1971 (14766 in chips, $10 bounty) is sitting out
Seat 4: louisbinns (6882 in chips, $7.50 bounty) 
Seat 5: TSELEPI (4261 in chips, $5 bounty) 
Seat 6: Blufflillo (3459 in chips, $5 bounty) 
Seat 7: Gabrielfs13 (14210 in chips, $5 bounty) 
Seat 8: Burgisser-007 (9961 in chips, $7.50 bounty) 
Enigma5557: posts the ante 27
lizzy1971: posts the ante 27
louisbinns: posts the ante 27
TSELEPI: posts the ante 27
Blufflillo: posts the ante 27
Gabrielfs13: posts the ante 27
Burgisser-007: posts the ante 27
Gabrielfs13: posts small blind 90
Burgisser-007: posts big blind 180
*** HOLE CARDS ***
Dealt to Gabrielfs13 [9d Ad]
Enigma5557: raises 198 to 378
lizzy1971: folds 
louisbinns: folds 
TSELEPI: folds 
Blufflillo: raises 3054 to 3432 and is all-in
lizzy1971 has returned
Gabrielfs13: folds 
Burgisser-007: folds 
Enigma5557: folds 
Uncalled bet (3054) returned to Blufflillo
Blufflillo collected 1215 from pot
Blufflillo: doesn't show hand 
*** SUMMARY ***
Total pot 1215 | Rake 0 
Seat 2: Enigma5557 folded before Flop
Seat 3: lizzy1971 folded before Flop (didn't bet)
Seat 4: louisbinns folded before Flop (didn't bet)
Seat 5: TSELEPI folded before Flop (didn't bet)
Seat 6: Blufflillo (button) collected (1215)
Seat 7: Gabrielfs13 (small blind) folded before Flop
Seat 8: Burgisser-007 (big blind) folded before Flop



PokerStars Hand #257084771221: Tournament #3912600275, $4.80+$5.00+$1.20 USD Hold'em No Limit - Level V (90/180) - 2025/07/25 14:13:30 BRT [2025/07/25 13:13:30 ET]
Table '3912600275 3' 8-max Seat #7 is the button
Seat 2: Enigma5557 (3645 in chips, $5 bounty) 
Seat 3: lizzy1971 (14739 in chips, $10 bounty) 
Seat 4: louisbinns (6855 in chips, $7.50 bounty) 
Seat 5: TSELEPI (4234 in chips, $5 bounty) 
Seat 6: Blufflillo (4269 in chips, $5 bounty) 
Seat 7: Gabrielfs13 (14093 in chips, $5 bounty) 
Seat 8: Burgisser-007 (9754 in chips, $7.50 bounty) 
Enigma5557: posts the ante 27
lizzy1971: posts the ante 27
louisbinns: posts the ante 27
TSELEPI: posts the ante 27
Blufflillo: posts the ante 27
Gabrielfs13: posts the ante 27
Burgisser-007: posts the ante 27
Burgisser-007: posts small blind 90
Enigma5557: posts big blind 180
*** HOLE CARDS ***
Dealt to Gabrielfs13 [Qd Jd]
lizzy1971: folds 
louisbinns: folds 
TSELEPI: folds 
Blufflillo: folds 
Gabrielfs13: raises 180 to 360
Burgisser-007: folds 
Enigma5557: folds 
Uncalled bet (180) returned to Gabrielfs13
Gabrielfs13 collected 639 from pot
Gabrielfs13: doesn't show hand 
*** SUMMARY ***
Total pot 639 | Rake 0 
Seat 2: Enigma5557 (big blind) folded before Flop
Seat 3: lizzy1971 folded before Flop (didn't bet)
Seat 4: louisbinns folded before Flop (didn't bet)
Seat 5: TSELEPI folded before Flop (didn't bet)
Seat 6: Blufflillo folded before Flop (didn't bet)
Seat 7: Gabrielfs13 (button) collected (639)
Seat 8: Burgisser-007 (small blind) folded before Flop



PokerStars Hand #257084776445: Tournament #3912600275, $4.80+$5.00+$1.20 USD Hold'em No Limit - Level V (90/180) - 2025/07/25 14:13:57 BRT [2025/07/25 13:13:57 ET]
Table '3912600275 3' 8-max Seat #8 is the button
Seat 2: Enigma5557 (3438 in chips, $5 bounty) 
Seat 3: lizzy1971 (14712 in chips, $10 bounty) 
Seat 4: louisbinns (6828 in chips, $7.50 bounty) 
Seat 5: TSELEPI (4207 in chips, $5 bounty) 
Seat 6: Blufflillo (4242 in chips, $5 bounty) 
Seat 7: Gabrielfs13 (14525 in chips, $5 bounty) 
Seat 8: Burgisser-007 (9637 in chips, $7.50 bounty) 
Enigma5557: posts the ante 27
lizzy1971: posts the ante 27
louisbinns: posts the ante 27
TSELEPI: posts the ante 27
Blufflillo: posts the ante 27
Gabrielfs13: posts the ante 27
Burgisser-007: posts the ante 27
Enigma5557: posts small blind 90
lizzy1971: posts big blind 180
*** HOLE CARDS ***
Dealt to Gabrielfs13 [Th Jh]
louisbinns: folds 
TSELEPI: raises 360 to 540
Blufflillo: folds 
Gabrielfs13: calls 540
Burgisser-007: folds 
Enigma5557: folds 
lizzy1971: folds 
*** FLOP *** [9d 6d 4d]
TSELEPI: bets 1539
Gabrielfs13: folds 
Uncalled bet (1539) returned to TSELEPI
TSELEPI collected 1539 from pot
TSELEPI: doesn't show hand 
*** SUMMARY ***
Total pot 1539 | Rake 0 
Board [9d 6d 4d]
Seat 2: Enigma5557 (small blind) folded before Flop
Seat 3: lizzy1971 (big blind) folded before Flop
Seat 4: louisbinns folded before Flop (didn't bet)
Seat 5: TSELEPI collected (1539)
Seat 6: Blufflillo folded before Flop (didn't bet)
Seat 7: Gabrielfs13 folded on the Flop
Seat 8: Burgisser-007 (button) folded before Flop (didn't bet)



PokerStars Hand #257084788777: Tournament #3912600275, $4.80+$5.00+$1.20 USD Hold'em No Limit - Level V (90/180) - 2025/07/25 14:15:02 BRT [2025/07/25 13:15:02 ET]
Table '3912600275 3' 8-max Seat #2 is the button
Seat 2: Enigma5557 (3321 in chips, $5 bounty) 
Seat 3: lizzy1971 (14505 in chips, $10 bounty) 
Seat 4: louisbinns (6801 in chips, $7.50 bounty) 
Seat 5: TSELEPI (5179 in chips, $5 bounty) 
Seat 6: Blufflillo (4215 in chips, $5 bounty) 
Seat 7: Gabrielfs13 (13958 in chips, $5 bounty) 
Seat 8: Burgisser-007 (9610 in chips, $7.50 bounty) 
Enigma5557: posts the ante 27
lizzy1971: posts the ante 27
louisbinns: posts the ante 27
TSELEPI: posts the ante 27
Blufflillo: posts the ante 27
Gabrielfs13: posts the ante 27
Burgisser-007: posts the ante 27
lizzy1971: posts small blind 90
louisbinns: posts big blind 180
*** HOLE CARDS ***
Dealt to Gabrielfs13 [Jc Js]
TSELEPI: folds 
Blufflillo: folds 
Gabrielfs13: raises 180 to 360
Burgisser-007: folds 
Enigma5557: folds 
lizzy1971: folds 
louisbinns: calls 180
*** FLOP *** [Ad 4h 3s]
louisbinns: checks 
Gabrielfs13: bets 270
louisbinns: calls 270
*** TURN *** [Ad 4h 3s] [Ac]
louisbinns: checks 
Gabrielfs13: bets 770
louisbinns: folds 
Uncalled bet (770) returned to Gabrielfs13
Gabrielfs13 collected 1539 from pot
Gabrielfs13: doesn't show hand 
*** SUMMARY ***
Total pot 1539 | Rake 0 
Board [Ad 4h 3s Ac]
Seat 2: Enigma5557 (button) folded before Flop (didn't bet)
Seat 3: lizzy1971 (small blind) folded before Flop
Seat 4: louisbinns (big blind) folded on the Turn
Seat 5: TSELEPI folded before Flop (didn't bet)
Seat 6: Blufflillo folded before Flop (didn't bet)
Seat 7: Gabrielfs13 collected (1539)
Seat 8: Burgisser-007 folded before Flop (didn't bet)



PokerStars Hand #257084798790: Tournament #3912600275, $4.80+$5.00+$1.20 USD Hold'em No Limit - Level V (90/180) - 2025/07/25 14:15:54 BRT [2025/07/25 13:15:54 ET]
Table '3912600275 3' 8-max Seat #3 is the button
Seat 2: Enigma5557 (3294 in chips, $5 bounty) 
Seat 3: lizzy1971 (14388 in chips, $10 bounty) 
Seat 4: louisbinns (6144 in chips, $7.50 bounty) 
Seat 5: TSELEPI (5152 in chips, $5 bounty) 
Seat 6: Blufflillo (4188 in chips, $5 bounty) 
Seat 7: Gabrielfs13 (14840 in chips, $5 bounty) 
Seat 8: Burgisser-007 (9583 in chips, $7.50 bounty) 
Enigma5557: posts the ante 27
lizzy1971: posts the ante 27
louisbinns: posts the ante 27
TSELEPI: posts the ante 27
Blufflillo: posts the ante 27
Gabrielfs13: posts the ante 27
Burgisser-007: posts the ante 27
louisbinns: posts small blind 90
TSELEPI: posts big blind 180
*** HOLE CARDS ***
Dealt to Gabrielfs13 [Ac Ts]
Blufflillo: folds 
Gabrielfs13: raises 180 to 360
Burgisser-007: folds 
Enigma5557: folds 
lizzy1971: folds 
louisbinns: raises 1080 to 1440
TSELEPI: folds 
Gabrielfs13: folds 
Uncalled bet (1080) returned to louisbinns
louisbinns collected 1089 from pot
louisbinns: doesn't show hand 
*** SUMMARY ***
Total pot 1089 | Rake 0 
Seat 2: Enigma5557 folded before Flop (didn't bet)
Seat 3: lizzy1971 (button) folded before Flop (didn't bet)
Seat 4: louisbinns (small blind) collected (1089)
Seat 5: TSELEPI (big blind) folded before Flop
Seat 6: Blufflillo folded before Flop (didn't bet)
Seat 7: Gabrielfs13 folded before Flop
Seat 8: Burgisser-007 folded before Flop (didn't bet)



PokerStars Hand #257084806028: Tournament #3912600275, $4.80+$5.00+$1.20 USD Hold'em No Limit - Level V (90/180) - 2025/07/25 14:16:32 BRT [2025/07/25 13:16:32 ET]
Table '3912600275 3' 8-max Seat #4 is the button
Seat 2: Enigma5557 (3267 in chips, $5 bounty) 
Seat 3: lizzy1971 (14361 in chips, $10 bounty) 
Seat 4: louisbinns (6846 in chips, $7.50 bounty) 
Seat 5: TSELEPI (4945 in chips, $5 bounty) 
Seat 6: Blufflillo (4161 in chips, $5 bounty) 
Seat 7: Gabrielfs13 (14453 in chips, $5 bounty) 
Seat 8: Burgisser-007 (9556 in chips, $7.50 bounty) 
Enigma5557: posts the ante 27
lizzy1971: posts the ante 27
louisbinns: posts the ante 27
TSELEPI: posts the ante 27
Blufflillo: posts the ante 27
Gabrielfs13: posts the ante 27
Burgisser-007: posts the ante 27
TSELEPI: posts small blind 90
Blufflillo: posts big blind 180
*** HOLE CARDS ***
Dealt to Gabrielfs13 [Th Ah]
Gabrielfs13: raises 180 to 360
Burgisser-007: folds 
Enigma5557: folds 
lizzy1971: calls 360
louisbinns: folds 
TSELEPI: folds 
Blufflillo: raises 540 to 900
Gabrielfs13: calls 540
lizzy1971: calls 540
*** FLOP *** [Jh Ts Qc]
Blufflillo: bets 1080
Gabrielfs13: calls 1080
lizzy1971: folds 
*** TURN *** [Jh Ts Qc] [7c]
Blufflillo: bets 2154 and is all-in
Gabrielfs13: folds 
Uncalled bet (2154) returned to Blufflillo
Blufflillo collected 5139 from pot
Blufflillo: doesn't show hand 
*** SUMMARY ***
Total pot 5139 | Rake 0 
Board [Jh Ts Qc 7c]
Seat 2: Enigma5557 folded before Flop (didn't bet)
Seat 3: lizzy1971 folded on the Flop
Seat 4: louisbinns (button) folded before Flop (didn't bet)
Seat 5: TSELEPI (small blind) folded before Flop
Seat 6: Blufflillo (big blind) collected (5139)
Seat 7: Gabrielfs13 folded on the Turn
Seat 8: Burgisser-007 folded before Flop (didn't bet)



PokerStars Hand #257084813620: Tournament #3912600275, $4.80+$5.00+$1.20 USD Hold'em No Limit - Level VI (100/200) - 2025/07/25 14:17:13 BRT [2025/07/25 13:17:13 ET]
Table '3912600275 3' 8-max Seat #5 is the button
Seat 2: Enigma5557 (3240 in chips, $5 bounty) 
Seat 3: lizzy1971 (13434 in chips, $10 bounty) 
Seat 4: louisbinns (6819 in chips, $7.50 bounty) 
Seat 5: TSELEPI (4828 in chips, $5 bounty) 
Seat 6: Blufflillo (7293 in chips, $5 bounty) 
Seat 7: Gabrielfs13 (12446 in chips, $5 bounty) 
Seat 8: Burgisser-007 (9529 in chips, $7.50 bounty) 
Enigma5557: posts the ante 30
lizzy1971: posts the ante 30
louisbinns: posts the ante 30
TSELEPI: posts the ante 30
Blufflillo: posts the ante 30
Gabrielfs13: posts the ante 30
Burgisser-007: posts the ante 30
Blufflillo: posts small blind 100
Gabrielfs13: posts big blind 200
*** HOLE CARDS ***
Dealt to Gabrielfs13 [Td 3d]
Burgisser-007: folds 
Enigma5557: folds 
lizzy1971: calls 200
louisbinns: raises 600 to 800
TSELEPI: raises 3998 to 4798 and is all-in
Blufflillo: folds 
Gabrielfs13: folds 
lizzy1971: folds 
louisbinns: folds 
Uncalled bet (3998) returned to TSELEPI
TSELEPI collected 2310 from pot
TSELEPI: doesn't show hand 
*** SUMMARY ***
Total pot 2310 | Rake 0 
Seat 2: Enigma5557 folded before Flop (didn't bet)
Seat 3: lizzy1971 folded before Flop
Seat 4: louisbinns folded before Flop
Seat 5: TSELEPI (button) collected (2310)
Seat 6: Blufflillo (small blind) folded before Flop
Seat 7: Gabrielfs13 (big blind) folded before Flop
Seat 8: Burgisser-007 folded before Flop (didn't bet)



PokerStars Hand #257084819951: Tournament #3912600275, $4.80+$5.00+$1.20 USD Hold'em No Limit - Level VI (100/200) - 2025/07/25 14:17:46 BRT [2025/07/25 13:17:46 ET]
Table '3912600275 3' 8-max Seat #6 is the button
Seat 2: Enigma5557 (3210 in chips, $5 bounty) 
Seat 3: lizzy1971 (13204 in chips, $10 bounty) 
Seat 4: louisbinns (5989 in chips, $7.50 bounty) 
Seat 5: TSELEPI (6308 in chips, $5 bounty) 
Seat 6: Blufflillo (7163 in chips, $5 bounty) 
Seat 7: Gabrielfs13 (12216 in chips, $5 bounty) 
Seat 8: Burgisser-007 (9499 in chips, $7.50 bounty) 
Enigma5557: posts the ante 30
lizzy1971: posts the ante 30
louisbinns: posts the ante 30
TSELEPI: posts the ante 30
Blufflillo: posts the ante 30
Gabrielfs13: posts the ante 30
Burgisser-007: posts the ante 30
Gabrielfs13: posts small blind 100
Burgisser-007: posts big blind 200
*** HOLE CARDS ***
Dealt to Gabrielfs13 [Jc 9c]
Enigma5557: folds 
lizzy1971: folds 
louisbinns: folds 
TSELEPI: folds 
Blufflillo: raises 400 to 600
Gabrielfs13: calls 500
Burgisser-007: folds 
*** FLOP *** [Qc 4d Kc]
Gabrielfs13: checks 
Blufflillo: checks 
*** TURN *** [Qc 4d Kc] [Ac]
Gabrielfs13: bets 805
Blufflillo: folds 
Uncalled bet (805) returned to Gabrielfs13
Gabrielfs13 collected 1610 from pot
Gabrielfs13: doesn't show hand 
*** SUMMARY ***
Total pot 1610 | Rake 0 
Board [Qc 4d Kc Ac]
Seat 2: Enigma5557 folded before Flop (didn't bet)
Seat 3: lizzy1971 folded before Flop (didn't bet)
Seat 4: louisbinns folded before Flop (didn't bet)
Seat 5: TSELEPI folded before Flop (didn't bet)
Seat 6: Blufflillo (button) folded on the Turn
Seat 7: Gabrielfs13 (small blind) collected (1610)
Seat 8: Burgisser-007 (big blind) folded before Flop



PokerStars Hand #257084825042: Tournament #3912600275, $4.80+$5.00+$1.20 USD Hold'em No Limit - Level VI (100/200) - 2025/07/25 14:18:13 BRT [2025/07/25 13:18:13 ET]
Table '3912600275 3' 8-max Seat #7 is the button
Seat 2: Enigma5557 (3180 in chips, $5 bounty) 
Seat 3: lizzy1971 (13174 in chips, $10 bounty) 
Seat 4: louisbinns (5959 in chips, $7.50 bounty) 
Seat 5: TSELEPI (6278 in chips, $5 bounty) 
Seat 6: Blufflillo (6533 in chips, $5 bounty) 
Seat 7: Gabrielfs13 (13196 in chips, $5 bounty) 
Seat 8: Burgisser-007 (9269 in chips, $7.50 bounty) 
Enigma5557: posts the ante 30
lizzy1971: posts the ante 30
louisbinns: posts the ante 30
TSELEPI: posts the ante 30
Blufflillo: posts the ante 30
Gabrielfs13: posts the ante 30
Burgisser-007: posts the ante 30
Burgisser-007: posts small blind 100
Enigma5557: posts big blind 200
*** HOLE CARDS ***
Dealt to Gabrielfs13 [5h 4d]
lizzy1971: calls 200
louisbinns: folds 
TSELEPI: folds 
Blufflillo: folds 
Gabrielfs13: folds 
Burgisser-007: calls 100
Enigma5557: checks 
*** FLOP *** [6s 3d 9c]
Burgisser-007: checks 
Enigma5557: checks 
lizzy1971: bets 1000
Burgisser-007: folds 
Enigma5557: folds 
Uncalled bet (1000) returned to lizzy1971
lizzy1971 collected 810 from pot
lizzy1971: doesn't show hand 
*** SUMMARY ***
Total pot 810 | Rake 0 
Board [6s 3d 9c]
Seat 2: Enigma5557 (big blind) folded on the Flop
Seat 3: lizzy1971 collected (810)
Seat 4: louisbinns folded before Flop (didn't bet)
Seat 5: TSELEPI folded before Flop (didn't bet)
Seat 6: Blufflillo folded before Flop (didn't bet)
Seat 7: Gabrielfs13 (button) folded before Flop (didn't bet)
Seat 8: Burgisser-007 (small blind) folded on the Flop



PokerStars Hand #257084832035: Tournament #3912600275, $4.80+$5.00+$1.20 USD Hold'em No Limit - Level VI (100/200) - 2025/07/25 14:18:50 BRT [2025/07/25 13:18:50 ET]
Table '3912600275 3' 8-max Seat #8 is the button
Seat 2: Enigma5557 (2950 in chips, $5 bounty) 
Seat 3: lizzy1971 (13754 in chips, $10 bounty) 
Seat 4: louisbinns (5929 in chips, $7.50 bounty) 
Seat 5: TSELEPI (6248 in chips, $5 bounty) 
Seat 6: Blufflillo (6503 in chips, $5 bounty) 
Seat 7: Gabrielfs13 (13166 in chips, $5 bounty) 
Seat 8: Burgisser-007 (9039 in chips, $7.50 bounty) 
Enigma5557: posts the ante 30
lizzy1971: posts the ante 30
louisbinns: posts the ante 30
TSELEPI: posts the ante 30
Blufflillo: posts the ante 30
Gabrielfs13: posts the ante 30
Burgisser-007: posts the ante 30
Enigma5557: posts small blind 100
lizzy1971: posts big blind 200
*** HOLE CARDS ***
Dealt to Gabrielfs13 [Ks Ac]
louisbinns: folds 
TSELEPI: folds 
Blufflillo: folds 
Gabrielfs13: raises 200 to 400
Burgisser-007: folds 
Enigma5557: folds 
lizzy1971: folds 
Uncalled bet (200) returned to Gabrielfs13
Gabrielfs13 collected 710 from pot
Gabrielfs13: doesn't show hand 
*** SUMMARY ***
Total pot 710 | Rake 0 
Seat 2: Enigma5557 (small blind) folded before Flop
Seat 3: lizzy1971 (big blind) folded before Flop
Seat 4: louisbinns folded before Flop (didn't bet)
Seat 5: TSELEPI folded before Flop (didn't bet)
Seat 6: Blufflillo folded before Flop (didn't bet)
Seat 7: Gabrielfs13 collected (710)
Seat 8: Burgisser-007 (button) folded before Flop (didn't bet)



PokerStars Hand #257084836918: Tournament #3912600275, $4.80+$5.00+$1.20 USD Hold'em No Limit - Level VI (100/200) - 2025/07/25 14:19:16 BRT [2025/07/25 13:19:16 ET]
Table '3912600275 3' 8-max Seat #2 is the button
Seat 2: Enigma5557 (2820 in chips, $5 bounty) 
Seat 3: lizzy1971 (13524 in chips, $10 bounty) 
Seat 4: louisbinns (5899 in chips, $7.50 bounty) 
Seat 5: TSELEPI (6218 in chips, $5 bounty) 
Seat 6: Blufflillo (6473 in chips, $5 bounty) 
Seat 7: Gabrielfs13 (13646 in chips, $5 bounty) 
Seat 8: Burgisser-007 (9009 in chips, $7.50 bounty) 
Enigma5557: posts the ante 30
lizzy1971: posts the ante 30
louisbinns: posts the ante 30
TSELEPI: posts the ante 30
Blufflillo: posts the ante 30
Gabrielfs13: posts the ante 30
Burgisser-007: posts the ante 30
lizzy1971: posts small blind 100
louisbinns: posts big blind 200
*** HOLE CARDS ***
Dealt to Gabrielfs13 [Td Kd]
TSELEPI: raises 200 to 400
Blufflillo: raises 600 to 1000
Gabrielfs13: folds 
Burgisser-007: folds 
Enigma5557: folds 
lizzy1971: folds 
louisbinns: folds 
TSELEPI: calls 600
*** FLOP *** [6h 8d Ts]
TSELEPI: checks 
Blufflillo: bets 1400
TSELEPI: calls 1400
*** TURN *** [6h 8d Ts] [3d]
TSELEPI: bets 3788 and is all-in
Blufflillo: calls 3788
*** RIVER *** [6h 8d Ts 3d] [9c]
*** SHOW DOWN ***
TSELEPI: shows [5d 6d] (a pair of Sixes)
Blufflillo: shows [Kc As] (high card Ace)
TSELEPI collected 12886 from pot
*** SUMMARY ***
Total pot 12886 | Rake 0 
Board [6h 8d Ts 3d 9c]
Seat 2: Enigma5557 (button) folded before Flop (didn't bet)
Seat 3: lizzy1971 (small blind) folded before Flop
Seat 4: louisbinns (big blind) folded before Flop
Seat 5: TSELEPI showed [5d 6d] and won (12886) with a pair of Sixes
Seat 6: Blufflillo showed [Kc As] and lost with high card Ace
Seat 7: Gabrielfs13 folded before Flop (didn't bet)
Seat 8: Burgisser-007 folded before Flop (didn't bet)



PokerStars Hand #257084846261: Tournament #3912600275, $4.80+$5.00+$1.20 USD Hold'em No Limit - Level VI (100/200) - 2025/07/25 14:20:06 BRT [2025/07/25 13:20:06 ET]
Table '3912600275 3' 8-max Seat #3 is the button
Seat 2: Enigma5557 (2790 in chips, $5 bounty) 
Seat 3: lizzy1971 (13394 in chips, $10 bounty) 
Seat 4: louisbinns (5669 in chips, $7.50 bounty) 
Seat 5: TSELEPI (12886 in chips, $5 bounty) 
Seat 6: Blufflillo (255 in chips, $5 bounty) 
Seat 7: Gabrielfs13 (13616 in chips, $5 bounty) 
Seat 8: Burgisser-007 (8979 in chips, $7.50 bounty) 
Enigma5557: posts the ante 30
lizzy1971: posts the ante 30
louisbinns: posts the ante 30
TSELEPI: posts the ante 30
Blufflillo: posts the ante 30
Gabrielfs13: posts the ante 30
Burgisser-007: posts the ante 30
louisbinns: posts small blind 100
TSELEPI: posts big blind 200
*** HOLE CARDS ***
Dealt to Gabrielfs13 [4h 4c]
Blufflillo: raises 25 to 225 and is all-in
Gabrielfs13: raises 200 to 425
Burgisser-007: folds 
Enigma5557: folds 
lizzy1971: folds 
louisbinns: calls 325
TSELEPI: folds 
*** FLOP *** [6s 7d 5d]
louisbinns: checks 
Gabrielfs13: bets 490
louisbinns: calls 490
*** TURN *** [6s 7d 5d] [2s]
louisbinns: checks 
Gabrielfs13: checks 
*** RIVER *** [6s 7d 5d 2s] [3d]
louisbinns: checks 
Gabrielfs13: checks 
*** SHOW DOWN ***
louisbinns: shows [3s Ks] (a pair of Threes)
Gabrielfs13: shows [4h 4c] (a straight, Three to Seven)
Gabrielfs13 collected 1380 from side pot
Blufflillo: mucks hand 
Gabrielfs13 collected 1085 from main pot
Gabrielfs13 wins $2.50 for eliminating Blufflillo and their own bounty increases by $2.50 to $7.50
Blufflillo finished the tournament
*** SUMMARY ***
Total pot 2465 Main pot 1085. Side pot 1380. | Rake 0 
Board [6s 7d 5d 2s 3d]
Seat 2: Enigma5557 folded before Flop (didn't bet)
Seat 3: lizzy1971 (button) folded before Flop (didn't bet)
Seat 4: louisbinns (small blind) showed [3s Ks] and lost with a pair of Threes
Seat 5: TSELEPI (big blind) folded before Flop
Seat 6: Blufflillo mucked [5h 2d]
Seat 7: Gabrielfs13 showed [4h 4c] and won (2465) with a straight, Three to Seven
Seat 8: Burgisser-007 folded before Flop (didn't bet)



PokerStars Hand #257084862357: Tournament #3912600275, $4.80+$5.00+$1.20 USD Hold'em No Limit - Level VI (100/200) - 2025/07/25 14:21:31 BRT [2025/07/25 13:21:31 ET]
Table '3912600275 3' 8-max Seat #4 is the button
Seat 2: Enigma5557 (2760 in chips, $5 bounty) 
Seat 3: lizzy1971 (13364 in chips, $10 bounty) 
Seat 4: louisbinns (4724 in chips, $7.50 bounty) 
Seat 5: TSELEPI (12656 in chips, $5 bounty) 
Seat 7: Gabrielfs13 (15136 in chips, $7.50 bounty) 
Seat 8: Burgisser-007 (8949 in chips, $7.50 bounty) 
Enigma5557: posts the ante 30
lizzy1971: posts the ante 30
louisbinns: posts the ante 30
TSELEPI: posts the ante 30
Gabrielfs13: posts the ante 30
Burgisser-007: posts the ante 30
TSELEPI: posts small blind 100
Gabrielfs13: posts big blind 200
*** HOLE CARDS ***
Dealt to Gabrielfs13 [8d Qs]
Burgisser-007: folds 
Enigma5557: folds 
lizzy1971: folds 
louisbinns: raises 200 to 400
TSELEPI: folds 
Gabrielfs13: calls 200
*** FLOP *** [Ts 4d Kh]
Gabrielfs13: checks 
louisbinns: bets 324
Gabrielfs13: folds 
Uncalled bet (324) returned to louisbinns
louisbinns collected 1080 from pot
louisbinns: doesn't show hand 
*** SUMMARY ***
Total pot 1080 | Rake 0 
Board [Ts 4d Kh]
Seat 2: Enigma5557 folded before Flop (didn't bet)
Seat 3: lizzy1971 folded before Flop (didn't bet)
Seat 4: louisbinns (button) collected (1080)
Seat 5: TSELEPI (small blind) folded before Flop
Seat 7: Gabrielfs13 (big blind) folded on the Flop
Seat 8: Burgisser-007 folded before Flop (didn't bet)



PokerStars Hand #257084871574: Tournament #3912600275, $4.80+$5.00+$1.20 USD Hold'em No Limit - Level VII (125/250) - 2025/07/25 14:22:19 BRT [2025/07/25 13:22:19 ET]
Table '3912600275 3' 8-max Seat #5 is the button
Seat 1: dasilv2609 (22404 in chips, $12.50 bounty) 
Seat 2: Enigma5557 (2730 in chips, $5 bounty) 
Seat 3: lizzy1971 (13334 in chips, $10 bounty) 
Seat 4: louisbinns (5374 in chips, $7.50 bounty) 
Seat 5: TSELEPI (12526 in chips, $5 bounty) 
Seat 6: theristis88 (10709 in chips) out of hand (moved from another table into small blind)
Seat 7: Gabrielfs13 (14706 in chips, $7.50 bounty) 
Seat 8: Burgisser-007 (8919 in chips, $7.50 bounty) 
theristis88 will be allowed to play after the button
dasilv2609: posts the ante 38
Enigma5557: posts the ante 38
lizzy1971: posts the ante 38
louisbinns: posts the ante 38
TSELEPI: posts the ante 38
Gabrielfs13: posts the ante 38
Burgisser-007: posts the ante 38
Gabrielfs13: posts small blind 125
Burgisser-007: posts big blind 250
*** HOLE CARDS ***
Dealt to Gabrielfs13 [Ad Js]
dasilv2609: folds 
Enigma5557: folds 
lizzy1971: calls 250
louisbinns: folds 
TSELEPI: raises 750 to 1000
Gabrielfs13 has timed out
Gabrielfs13: folds 
Gabrielfs13 is sitting out
Burgisser-007: folds 
lizzy1971: calls 750
*** FLOP *** [Ac Tc Jh]
Gabrielfs13 has returned
lizzy1971: checks 
TSELEPI: bets 1000
lizzy1971: folds 
Uncalled bet (1000) returned to TSELEPI
TSELEPI collected 2641 from pot
TSELEPI: doesn't show hand 
*** SUMMARY ***
Total pot 2641 | Rake 0 
Board [Ac Tc Jh]
Seat 1: dasilv2609 folded before Flop (didn't bet)
Seat 2: Enigma5557 folded before Flop (didn't bet)
Seat 3: lizzy1971 folded on the Flop
Seat 4: louisbinns folded before Flop (didn't bet)
Seat 5: TSELEPI (button) collected (2641)
Seat 7: Gabrielfs13 (small blind) folded before Flop
Seat 8: Burgisser-007 (big blind) folded before Flop



PokerStars Hand #257084881608: Tournament #3912600275, $4.80+$5.00+$1.20 USD Hold'em No Limit - Level VII (125/250) - 2025/07/25 14:23:12 BRT [2025/07/25 13:23:12 ET]
Table '3912600275 3' 8-max Seat #7 is the button
Seat 1: dasilv2609 (22366 in chips, $12.50 bounty) 
Seat 2: Enigma5557 (2692 in chips, $5 bounty) 
Seat 3: lizzy1971 (12296 in chips, $10 bounty) 
Seat 4: louisbinns (5336 in chips, $7.50 bounty) 
Seat 5: TSELEPI (14129 in chips, $5 bounty) 
Seat 6: theristis88 (10709 in chips, $7.50 bounty) 
Seat 7: Gabrielfs13 (14543 in chips, $7.50 bounty) 
Seat 8: Burgisser-007 (8631 in chips, $7.50 bounty) 
dasilv2609: posts the ante 38
Enigma5557: posts the ante 38
lizzy1971: posts the ante 38
louisbinns: posts the ante 38
TSELEPI: posts the ante 38
theristis88: posts the ante 38
Gabrielfs13: posts the ante 38
Burgisser-007: posts the ante 38
Burgisser-007: posts small blind 125
dasilv2609: posts big blind 250
*** HOLE CARDS ***
Dealt to Gabrielfs13 [4h 6h]
Enigma5557: folds 
lizzy1971: folds 
louisbinns: calls 250
TSELEPI: folds 
theristis88: folds 
Gabrielfs13: raises 375 to 625
Burgisser-007: folds 
dasilv2609: calls 375
louisbinns: raises 4673 to 5298 and is all-in
Gabrielfs13 has timed out
Gabrielfs13: folds 
Gabrielfs13 is sitting out
dasilv2609: folds 
Uncalled bet (4673) returned to louisbinns
louisbinns collected 2304 from pot
louisbinns: doesn't show hand 
*** SUMMARY ***
Total pot 2304 | Rake 0 
Seat 1: dasilv2609 (big blind) folded before Flop
Seat 2: Enigma5557 folded before Flop (didn't bet)
Seat 3: lizzy1971 folded before Flop (didn't bet)
Seat 4: louisbinns collected (2304)
Seat 5: TSELEPI folded before Flop (didn't bet)
Seat 6: theristis88 folded before Flop (didn't bet)
Seat 7: Gabrielfs13 (button) folded before Flop
Seat 8: Burgisser-007 (small blind) folded before Flop



PokerStars Hand #257084891208: Tournament #3912600275, $4.80+$5.00+$1.20 USD Hold'em No Limit - Level VII (125/250) - 2025/07/25 14:24:04 BRT [2025/07/25 13:24:04 ET]
Table '3912600275 3' 8-max Seat #8 is the button
Seat 1: dasilv2609 (21703 in chips, $12.50 bounty) 
Seat 2: Enigma5557 (2654 in chips, $5 bounty) 
Seat 3: lizzy1971 (12258 in chips, $10 bounty) 
Seat 4: louisbinns (6977 in chips, $7.50 bounty) 
Seat 5: TSELEPI (14091 in chips, $5 bounty) 
Seat 6: theristis88 (10671 in chips, $7.50 bounty) 
Seat 7: Gabrielfs13 (13880 in chips, $7.50 bounty) is sitting out
Seat 8: Burgisser-007 (8468 in chips, $7.50 bounty) 
dasilv2609: posts the ante 38
Enigma5557: posts the ante 38
lizzy1971: posts the ante 38
louisbinns: posts the ante 38
TSELEPI: posts the ante 38
theristis88: posts the ante 38
Gabrielfs13: posts the ante 38
Burgisser-007: posts the ante 38
dasilv2609: posts small blind 125
Enigma5557: posts big blind 250
*** HOLE CARDS ***
Dealt to Gabrielfs13 [6s 3h]
Gabrielfs13 has returned
lizzy1971: folds 
louisbinns: raises 250 to 500
TSELEPI: calls 500
theristis88: calls 500
Gabrielfs13: folds 
Burgisser-007: folds 
dasilv2609: calls 375
Enigma5557: calls 250
*** FLOP *** [Kd Js 6h]
dasilv2609: checks 
Enigma5557: checks 
louisbinns: checks 
TSELEPI: checks 
theristis88 has timed out
theristis88: checks 
*** TURN *** [Kd Js 6h] [5h]
dasilv2609: checks 
Enigma5557: checks 
louisbinns: bets 1500
TSELEPI: folds 
theristis88: folds 
dasilv2609: folds 
Enigma5557: folds 
Uncalled bet (1500) returned to louisbinns
louisbinns collected 2804 from pot
louisbinns: doesn't show hand 
*** SUMMARY ***
Total pot 2804 | Rake 0 
Board [Kd Js 6h 5h]
Seat 1: dasilv2609 (small blind) folded on the Turn
Seat 2: Enigma5557 (big blind) folded on the Turn
Seat 3: lizzy1971 folded before Flop (didn't bet)
Seat 4: louisbinns collected (2804)
Seat 5: TSELEPI folded on the Turn
Seat 6: theristis88 folded on the Turn
Seat 7: Gabrielfs13 folded before Flop (didn't bet)
Seat 8: Burgisser-007 (button) folded before Flop (didn't bet)



PokerStars Hand #257084909817: Tournament #3912600275, $4.80+$5.00+$1.20 USD Hold'em No Limit - Level VII (125/250) - 2025/07/25 14:25:41 BRT [2025/07/25 13:25:41 ET]
Table '3912600275 3' 8-max Seat #1 is the button
Seat 1: dasilv2609 (21165 in chips, $12.50 bounty) 
Seat 2: Enigma5557 (2116 in chips, $5 bounty) 
Seat 4: louisbinns (9243 in chips, $7.50 bounty) 
Seat 5: TSELEPI (13553 in chips, $5 bounty) 
Seat 6: theristis88 (10133 in chips, $7.50 bounty) 
Seat 7: Gabrielfs13 (13842 in chips, $7.50 bounty) 
Seat 8: Burgisser-007 (8430 in chips, $7.50 bounty) 
dasilv2609: posts the ante 38
Enigma5557: posts the ante 38
louisbinns: posts the ante 38
TSELEPI: posts the ante 38
theristis88: posts the ante 38
Gabrielfs13: posts the ante 38
Burgisser-007: posts the ante 38
Enigma5557: posts small blind 125
louisbinns: posts big blind 250
*** HOLE CARDS ***
Dealt to Gabrielfs13 [Ts 9c]
TSELEPI: folds 
theristis88: folds 
Gabrielfs13 has timed out
Gabrielfs13: folds 
Gabrielfs13 is sitting out
Burgisser-007: raises 500 to 750
dasilv2609: folds 
Enigma5557: folds 
louisbinns: raises 8455 to 9205 and is all-in
Burgisser-007: folds 
Uncalled bet (8455) returned to louisbinns
louisbinns collected 1891 from pot
louisbinns: doesn't show hand 
*** SUMMARY ***
Total pot 1891 | Rake 0 
Seat 1: dasilv2609 (button) folded before Flop (didn't bet)
Seat 2: Enigma5557 (small blind) folded before Flop
Seat 4: louisbinns (big blind) collected (1891)
Seat 5: TSELEPI folded before Flop (didn't bet)
Seat 6: theristis88 folded before Flop (didn't bet)
Seat 7: Gabrielfs13 folded before Flop (didn't bet)
Seat 8: Burgisser-007 folded before Flop



PokerStars Hand #257084917977: Tournament #3912600275, $4.80+$5.00+$1.20 USD Hold'em No Limit - Level VII (125/250) - 2025/07/25 14:26:25 BRT [2025/07/25 13:26:25 ET]
Table '3912600275 3' 8-max Seat #2 is the button
Seat 1: dasilv2609 (21127 in chips, $12.50 bounty) 
Seat 2: Enigma5557 (1953 in chips, $5 bounty) 
Seat 4: louisbinns (10346 in chips, $7.50 bounty) 
Seat 5: TSELEPI (13515 in chips, $5 bounty) 
Seat 6: theristis88 (10095 in chips, $7.50 bounty) 
Seat 7: Gabrielfs13 (13804 in chips, $7.50 bounty) is sitting out
Seat 8: Burgisser-007 (7642 in chips, $7.50 bounty) 
dasilv2609: posts the ante 38
Enigma5557: posts the ante 38
louisbinns: posts the ante 38
TSELEPI: posts the ante 38
theristis88: posts the ante 38
Gabrielfs13: posts the ante 38
Burgisser-007: posts the ante 38
louisbinns: posts small blind 125
TSELEPI: posts big blind 250
*** HOLE CARDS ***
Dealt to Gabrielfs13 [4h Ks]
Gabrielfs13 has returned
theristis88: folds 
Gabrielfs13: folds 
Burgisser-007: folds 
dasilv2609: calls 250
Enigma5557: raises 1665 to 1915 and is all-in
louisbinns: folds 
TSELEPI: folds 
dasilv2609: calls 1665
*** FLOP *** [Qs Jh 4s]
*** TURN *** [Qs Jh 4s] [3s]
*** RIVER *** [Qs Jh 4s 3s] [Ac]
*** SHOW DOWN ***
dasilv2609: shows [7s 9d] (high card Ace)
Enigma5557: shows [As 8h] (a pair of Aces)
Enigma5557 collected 4471 from pot
*** SUMMARY ***
Total pot 4471 | Rake 0 
Board [Qs Jh 4s 3s Ac]
Seat 1: dasilv2609 showed [7s 9d] and lost with high card Ace
Seat 2: Enigma5557 (button) showed [As 8h] and won (4471) with a pair of Aces
Seat 4: louisbinns (small blind) folded before Flop
Seat 5: TSELEPI (big blind) folded before Flop
Seat 6: theristis88 folded before Flop (didn't bet)
Seat 7: Gabrielfs13 folded before Flop (didn't bet)
Seat 8: Burgisser-007 folded before Flop (didn't bet)



PokerStars Hand #257084925062: Tournament #3912600275, $4.80+$5.00+$1.20 USD Hold'em No Limit - Level VIII (150/300) - 2025/07/25 14:27:01 BRT [2025/07/25 13:27:01 ET]
Table '3912600275 3' 8-max Seat #4 is the button
Seat 1: dasilv2609 (19174 in chips, $12.50 bounty) 
Seat 2: Enigma5557 (4471 in chips, $5 bounty) 
Seat 4: louisbinns (10183 in chips, $7.50 bounty) 
Seat 5: TSELEPI (13227 in chips, $5 bounty) 
Seat 6: theristis88 (10057 in chips, $7.50 bounty) 
Seat 7: Gabrielfs13 (13766 in chips, $7.50 bounty) 
Seat 8: Burgisser-007 (7604 in chips, $7.50 bounty) 
dasilv2609: posts the ante 50
Enigma5557: posts the ante 50
louisbinns: posts the ante 50
TSELEPI: posts the ante 50
theristis88: posts the ante 50
Gabrielfs13: posts the ante 50
Burgisser-007: posts the ante 50
TSELEPI: posts small blind 150
theristis88: posts big blind 300
*** HOLE CARDS ***
Dealt to Gabrielfs13 [As Ks]
Gabrielfs13: raises 300 to 600
Burgisser-007: raises 6954 to 7554 and is all-in
dasilv2609: folds 
Enigma5557: folds 
louisbinns: folds 
TSELEPI: folds 
theristis88: folds 
Gabrielfs13: calls 6954
*** FLOP *** [2s Ts 4d]
*** TURN *** [2s Ts 4d] [Td]
*** RIVER *** [2s Ts 4d Td] [Qc]
*** SHOW DOWN ***
Gabrielfs13: shows [As Ks] (a pair of Tens)
Burgisser-007: shows [6c 6h] (two pair, Tens and Sixes)
Burgisser-007 collected 15908 from pot
*** SUMMARY ***
Total pot 15908 | Rake 0 
Board [2s Ts 4d Td Qc]
Seat 1: dasilv2609 folded before Flop (didn't bet)
Seat 2: Enigma5557 folded before Flop (didn't bet)
Seat 4: louisbinns (button) folded before Flop (didn't bet)
Seat 5: TSELEPI (small blind) folded before Flop
Seat 6: theristis88 (big blind) folded before Flop
Seat 7: Gabrielfs13 showed [As Ks] and lost with a pair of Tens
Seat 8: Burgisser-007 showed [6c 6h] and won (15908) with two pair, Tens and Sixes



PokerStars Hand #257084934327: Tournament #3912600275, $4.80+$5.00+$1.20 USD Hold'em No Limit - Level VIII (150/300) - 2025/07/25 14:27:51 BRT [2025/07/25 13:27:51 ET]
Table '3912600275 3' 8-max Seat #5 is the button
Seat 1: dasilv2609 (19124 in chips, $12.50 bounty) 
Seat 2: Enigma5557 (4421 in chips, $5 bounty) 
Seat 4: louisbinns (10133 in chips, $7.50 bounty) 
Seat 5: TSELEPI (13027 in chips, $5 bounty) 
Seat 6: theristis88 (9707 in chips, $7.50 bounty) 
Seat 7: Gabrielfs13 (6162 in chips, $7.50 bounty) 
Seat 8: Burgisser-007 (15908 in chips, $7.50 bounty) 
dasilv2609: posts the ante 50
Enigma5557: posts the ante 50
louisbinns: posts the ante 50
TSELEPI: posts the ante 50
theristis88: posts the ante 50
Gabrielfs13: posts the ante 50
Burgisser-007: posts the ante 50
theristis88: posts small blind 150
Gabrielfs13: posts big blind 300
*** HOLE CARDS ***
Dealt to Gabrielfs13 [5h Jc]
Burgisser-007: calls 300
dasilv2609: folds 
Enigma5557: folds 
louisbinns: folds 
TSELEPI: folds 
theristis88: calls 150
Gabrielfs13: checks 
*** FLOP *** [7h Qd 8d]
theristis88: checks 
Gabrielfs13: checks 
Burgisser-007: bets 600
theristis88: folds 
Gabrielfs13: folds 
Uncalled bet (600) returned to Burgisser-007
Burgisser-007 collected 1250 from pot
*** SUMMARY ***
Total pot 1250 | Rake 0 
Board [7h Qd 8d]
Seat 1: dasilv2609 folded before Flop (didn't bet)
Seat 2: Enigma5557 folded before Flop (didn't bet)
Seat 4: louisbinns folded before Flop (didn't bet)
Seat 5: TSELEPI (button) folded before Flop (didn't bet)
Seat 6: theristis88 (small blind) folded on the Flop
Seat 7: Gabrielfs13 (big blind) folded on the Flop
Seat 8: Burgisser-007 collected (1250)



PokerStars Hand #257084944986: Tournament #3912600275, $4.80+$5.00+$1.20 USD Hold'em No Limit - Level VIII (150/300) - 2025/07/25 14:28:46 BRT [2025/07/25 13:28:46 ET]
Table '3912600275 3' 8-max Seat #6 is the button
Seat 1: dasilv2609 (19074 in chips, $12.50 bounty) 
Seat 2: Enigma5557 (4371 in chips, $5 bounty) 
Seat 4: louisbinns (10083 in chips, $7.50 bounty) 
Seat 5: TSELEPI (12977 in chips, $5 bounty) 
Seat 6: theristis88 (9357 in chips, $7.50 bounty) 
Seat 7: Gabrielfs13 (5812 in chips, $7.50 bounty) 
Seat 8: Burgisser-007 (16808 in chips, $7.50 bounty) 
dasilv2609: posts the ante 50
Enigma5557: posts the ante 50
louisbinns: posts the ante 50
TSELEPI: posts the ante 50
theristis88: posts the ante 50
Gabrielfs13: posts the ante 50
Burgisser-007: posts the ante 50
Gabrielfs13: posts small blind 150
Burgisser-007: posts big blind 300
*** HOLE CARDS ***
Dealt to Gabrielfs13 [3d Ac]
dasilv2609: folds 
Enigma5557: folds 
louisbinns: folds 
TSELEPI: folds 
theristis88: folds 
Gabrielfs13: raises 1950 to 2250
Burgisser-007: folds 
Uncalled bet (1950) returned to Gabrielfs13
Gabrielfs13 collected 950 from pot
Gabrielfs13: doesn't show hand 
*** SUMMARY ***
Total pot 950 | Rake 0 
Seat 1: dasilv2609 folded before Flop (didn't bet)
Seat 2: Enigma5557 folded before Flop (didn't bet)
Seat 4: louisbinns folded before Flop (didn't bet)
Seat 5: TSELEPI folded before Flop (didn't bet)
Seat 6: theristis88 (button) folded before Flop (didn't bet)
Seat 7: Gabrielfs13 (small blind) collected (950)
Seat 8: Burgisser-007 (big blind) folded before Flop



PokerStars Hand #257084949344: Tournament #3912600275, $4.80+$5.00+$1.20 USD Hold'em No Limit - Level VIII (150/300) - 2025/07/25 14:29:09 BRT [2025/07/25 13:29:09 ET]
Table '3912600275 3' 8-max Seat #7 is the button
Seat 1: dasilv2609 (19024 in chips, $12.50 bounty) 
Seat 2: Enigma5557 (4321 in chips, $5 bounty) 
Seat 4: louisbinns (10033 in chips, $7.50 bounty) 
Seat 5: TSELEPI (12927 in chips, $5 bounty) 
Seat 6: theristis88 (9307 in chips, $7.50 bounty) 
Seat 7: Gabrielfs13 (6412 in chips, $7.50 bounty) 
Seat 8: Burgisser-007 (16458 in chips, $7.50 bounty) 
dasilv2609: posts the ante 50
Enigma5557: posts the ante 50
louisbinns: posts the ante 50
TSELEPI: posts the ante 50
theristis88: posts the ante 50
Gabrielfs13: posts the ante 50
Burgisser-007: posts the ante 50
Burgisser-007: posts small blind 150
dasilv2609: posts big blind 300
*** HOLE CARDS ***
Dealt to Gabrielfs13 [Td 3d]
Enigma5557: folds 
louisbinns: raises 300 to 600
TSELEPI: calls 600
theristis88: folds 
Gabrielfs13: folds 
Burgisser-007: folds 
dasilv2609: calls 300
*** FLOP *** [Qh Qd Kc]
dasilv2609: checks 
louisbinns: checks 
TSELEPI: checks 
*** TURN *** [Qh Qd Kc] [3s]
dasilv2609: bets 2300
louisbinns: calls 2300
TSELEPI: folds 
*** RIVER *** [Qh Qd Kc 3s] [Ah]
dasilv2609: checks 
louisbinns: bets 1770
dasilv2609: calls 1770
*** SHOW DOWN ***
louisbinns: shows [Qs Kh] (a full house, Queens full of Kings)
dasilv2609: mucks hand 
louisbinns collected 10440 from pot
*** SUMMARY ***
Total pot 10440 | Rake 0 
Board [Qh Qd Kc 3s Ah]
Seat 1: dasilv2609 (big blind) mucked [Kd Jc]
Seat 2: Enigma5557 folded before Flop (didn't bet)
Seat 4: louisbinns showed [Qs Kh] and won (10440) with a full house, Queens full of Kings
Seat 5: TSELEPI folded on the Turn
Seat 6: theristis88 folded before Flop (didn't bet)
Seat 7: Gabrielfs13 (button) folded before Flop (didn't bet)
Seat 8: Burgisser-007 (small blind) folded before Flop



PokerStars Hand #257084959654: Tournament #3912600275, $4.80+$5.00+$1.20 USD Hold'em No Limit - Level VIII (150/300) - 2025/07/25 14:30:02 BRT [2025/07/25 13:30:02 ET]
Table '3912600275 3' 8-max Seat #8 is the button
Seat 1: dasilv2609 (14304 in chips, $12.50 bounty) 
Seat 2: Enigma5557 (4271 in chips, $5 bounty) 
Seat 4: louisbinns (15753 in chips, $7.50 bounty) 
Seat 5: TSELEPI (12277 in chips, $5 bounty) 
Seat 6: theristis88 (9257 in chips, $7.50 bounty) 
Seat 7: Gabrielfs13 (6362 in chips, $7.50 bounty) 
Seat 8: Burgisser-007 (16258 in chips, $7.50 bounty) 
dasilv2609: posts the ante 50
Enigma5557: posts the ante 50
louisbinns: posts the ante 50
TSELEPI: posts the ante 50
theristis88: posts the ante 50
Gabrielfs13: posts the ante 50
Burgisser-007: posts the ante 50
dasilv2609: posts small blind 150
Enigma5557: posts big blind 300
*** HOLE CARDS ***
Dealt to Gabrielfs13 [Ad 8d]
louisbinns: folds 
TSELEPI: raises 360 to 660
theristis88: folds 
Gabrielfs13: calls 660
Burgisser-007: folds 
dasilv2609: calls 510
Enigma5557: folds 
*** FLOP *** [3d Ah 5c]
dasilv2609: checks 
TSELEPI: bets 900
Gabrielfs13: calls 900
dasilv2609: calls 900
*** TURN *** [3d Ah 5c] [Ts]
dasilv2609: checks 
TSELEPI: checks 
Gabrielfs13: bets 2665
dasilv2609: folds 
TSELEPI: folds [Kd Kh]
Uncalled bet (2665) returned to Gabrielfs13
Gabrielfs13 collected 5330 from pot
Gabrielfs13: doesn't show hand 
*** SUMMARY ***
Total pot 5330 | Rake 0 
Board [3d Ah 5c Ts]
Seat 1: dasilv2609 (small blind) folded on the Turn
Seat 2: Enigma5557 (big blind) folded before Flop
Seat 4: louisbinns folded before Flop (didn't bet)
Seat 5: TSELEPI folded on the Turn
Seat 6: theristis88 folded before Flop (didn't bet)
Seat 7: Gabrielfs13 collected (5330)
Seat 8: Burgisser-007 (button) folded before Flop (didn't bet)



PokerStars Hand #257084972392: Tournament #3912600275, $4.80+$5.00+$1.20 USD Hold'em No Limit - Level VIII (150/300) - 2025/07/25 14:31:07 BRT [2025/07/25 13:31:07 ET]
Table '3912600275 3' 8-max Seat #1 is the button
Seat 1: dasilv2609 (12694 in chips, $12.50 bounty) 
Seat 2: Enigma5557 (3921 in chips, $5 bounty) 
Seat 4: louisbinns (15703 in chips, $7.50 bounty) 
Seat 5: TSELEPI (10667 in chips, $5 bounty) 
Seat 6: theristis88 (9207 in chips, $7.50 bounty) 
Seat 7: Gabrielfs13 (10082 in chips, $7.50 bounty) 
Seat 8: Burgisser-007 (16208 in chips, $7.50 bounty) 
dasilv2609: posts the ante 50
Enigma5557: posts the ante 50
louisbinns: posts the ante 50
TSELEPI: posts the ante 50
theristis88: posts the ante 50
Gabrielfs13: posts the ante 50
Burgisser-007: posts the ante 50
Enigma5557: posts small blind 150
louisbinns: posts big blind 300
*** HOLE CARDS ***
Dealt to Gabrielfs13 [Jd 6c]
TSELEPI: raises 600 to 900
theristis88: folds 
Gabrielfs13: folds 
Burgisser-007: folds 
dasilv2609: folds 
Enigma5557: folds 
louisbinns: folds 
Uncalled bet (600) returned to TSELEPI
TSELEPI collected 1100 from pot
TSELEPI: doesn't show hand 
*** SUMMARY ***
Total pot 1100 | Rake 0 
Seat 1: dasilv2609 (button) folded before Flop (didn't bet)
Seat 2: Enigma5557 (small blind) folded before Flop
Seat 4: louisbinns (big blind) folded before Flop
Seat 5: TSELEPI collected (1100)
Seat 6: theristis88 folded before Flop (didn't bet)
Seat 7: Gabrielfs13 folded before Flop (didn't bet)
Seat 8: Burgisser-007 folded before Flop (didn't bet)



PokerStars Hand #257084978985: Tournament #3912600275, $4.80+$5.00+$1.20 USD Hold'em No Limit - Level IX (200/400) - 2025/07/25 14:31:40 BRT [2025/07/25 13:31:40 ET]
Table '3912600275 3' 8-max Seat #2 is the button
Seat 1: dasilv2609 (12644 in chips, $12.50 bounty) 
Seat 2: Enigma5557 (3721 in chips, $5 bounty) 
Seat 4: louisbinns (15353 in chips, $7.50 bounty) 
Seat 5: TSELEPI (11417 in chips, $5 bounty) 
Seat 6: theristis88 (9157 in chips, $7.50 bounty) 
Seat 7: Gabrielfs13 (10032 in chips, $7.50 bounty) 
Seat 8: Burgisser-007 (16158 in chips, $7.50 bounty) 
dasilv2609: posts the ante 60
Enigma5557: posts the ante 60
louisbinns: posts the ante 60
TSELEPI: posts the ante 60
theristis88: posts the ante 60
Gabrielfs13: posts the ante 60
Burgisser-007: posts the ante 60
louisbinns: posts small blind 200
TSELEPI: posts big blind 400
*** HOLE CARDS ***
Dealt to Gabrielfs13 [3h 4d]
theristis88: folds 
Gabrielfs13: folds 
Burgisser-007: folds 
dasilv2609: folds 
Enigma5557: folds 
T0bzen is disconnected 
louisbinns: calls 200
TSELEPI: checks 
*** FLOP *** [3s 9d Jc]
louisbinns: bets 400
TSELEPI: calls 400
*** TURN *** [3s 9d Jc] [6s]
louisbinns: bets 1515
TSELEPI: calls 1515
*** RIVER *** [3s 9d Jc 6s] [Ks]
louisbinns: bets 3388
TSELEPI: calls 3388
*** SHOW DOWN ***
louisbinns: shows [As Jd] (a pair of Jacks)
TSELEPI: shows [Qc Tc] (a straight, Nine to King)
TSELEPI collected 11826 from pot
*** SUMMARY ***
Total pot 11826 | Rake 0 
Board [3s 9d Jc 6s Ks]
Seat 1: dasilv2609 folded before Flop (didn't bet)
Seat 2: Enigma5557 (button) folded before Flop (didn't bet)
Seat 4: louisbinns (small blind) showed [As Jd] and lost with a pair of Jacks
Seat 5: TSELEPI (big blind) showed [Qc Tc] and won (11826) with a straight, Nine to King
Seat 6: theristis88 folded before Flop (didn't bet)
Seat 7: Gabrielfs13 folded before Flop (didn't bet)
Seat 8: Burgisser-007 folded before Flop (didn't bet)



PokerStars Hand #257084991868: Tournament #3912600275, $4.80+$5.00+$1.20 USD Hold'em No Limit - Level IX (200/400) - 2025/07/25 14:32:46 BRT [2025/07/25 13:32:46 ET]
Table '3912600275 3' 8-max Seat #4 is the button
Seat 1: dasilv2609 (12584 in chips, $12.50 bounty) 
Seat 2: Enigma5557 (3661 in chips, $5 bounty) 
Seat 3: T0bzen (4478 in chips, $5 bounty) 
Seat 4: louisbinns (9590 in chips, $7.50 bounty) 
Seat 5: TSELEPI (17480 in chips, $5 bounty) 
Seat 6: theristis88 (9097 in chips, $7.50 bounty) 
Seat 7: Gabrielfs13 (9972 in chips, $7.50 bounty) 
Seat 8: Burgisser-007 (16098 in chips, $7.50 bounty) 
dasilv2609: posts the ante 60
Enigma5557: posts the ante 60
T0bzen: posts the ante 60
louisbinns: posts the ante 60
TSELEPI: posts the ante 60
theristis88: posts the ante 60
Gabrielfs13: posts the ante 60
Burgisser-007: posts the ante 60
TSELEPI: posts small blind 200
theristis88: posts big blind 400
*** HOLE CARDS ***
Dealt to Gabrielfs13 [3s Jd]
Gabrielfs13: folds 
Burgisser-007: folds 
dasilv2609: folds 
Enigma5557: folds 
T0bzen: folds 
louisbinns: raises 400 to 800
TSELEPI: folds 
theristis88: calls 400
*** FLOP *** [6c 8d 7d]
theristis88: checks 
louisbinns: checks 
*** TURN *** [6c 8d 7d] [2d]
theristis88: bets 1400
louisbinns: raises 7330 to 8730 and is all-in
theristis88 has timed out
theristis88: folds 
theristis88 is sitting out
Uncalled bet (7330) returned to louisbinns
louisbinns collected 5080 from pot
theristis88 has returned
louisbinns: doesn't show hand 
*** SUMMARY ***
Total pot 5080 | Rake 0 
Board [6c 8d 7d 2d]
Seat 1: dasilv2609 folded before Flop (didn't bet)
Seat 2: Enigma5557 folded before Flop (didn't bet)
Seat 3: T0bzen folded before Flop (didn't bet)
Seat 4: louisbinns (button) collected (5080)
Seat 5: TSELEPI (small blind) folded before Flop
Seat 6: theristis88 (big blind) folded on the Turn
Seat 7: Gabrielfs13 folded before Flop (didn't bet)
Seat 8: Burgisser-007 folded before Flop (didn't bet)



PokerStars Hand #257085007430: Tournament #3912600275, $4.80+$5.00+$1.20 USD Hold'em No Limit - Level IX (200/400) - 2025/07/25 14:34:05 BRT [2025/07/25 13:34:05 ET]
Table '3912600275 3' 8-max Seat #5 is the button
Seat 1: dasilv2609 (12524 in chips, $12.50 bounty) 
Seat 2: Enigma5557 (3601 in chips, $5 bounty) 
Seat 3: T0bzen (4418 in chips, $5 bounty) 
Seat 4: louisbinns (12410 in chips, $7.50 bounty) 
Seat 5: TSELEPI (17220 in chips, $5 bounty) 
Seat 6: theristis88 (6837 in chips, $7.50 bounty) 
Seat 7: Gabrielfs13 (9912 in chips, $7.50 bounty) 
Seat 8: Burgisser-007 (16038 in chips, $7.50 bounty) 
dasilv2609: posts the ante 60
Enigma5557: posts the ante 60
T0bzen: posts the ante 60
louisbinns: posts the ante 60
TSELEPI: posts the ante 60
theristis88: posts the ante 60
Gabrielfs13: posts the ante 60
Burgisser-007: posts the ante 60
theristis88: posts small blind 200
Gabrielfs13: posts big blind 400
*** HOLE CARDS ***
Dealt to Gabrielfs13 [Ts Td]
Burgisser-007: raises 800 to 1200
dasilv2609: folds 
Enigma5557: folds 
T0bzen: folds 
louisbinns: folds 
TSELEPI: folds 
theristis88: folds 
Gabrielfs13: raises 8652 to 9852 and is all-in
Burgisser-007: folds 
Uncalled bet (8652) returned to Gabrielfs13
Gabrielfs13 collected 3080 from pot
Gabrielfs13: doesn't show hand 
*** SUMMARY ***
Total pot 3080 | Rake 0 
Seat 1: dasilv2609 folded before Flop (didn't bet)
Seat 2: Enigma5557 folded before Flop (didn't bet)
Seat 3: T0bzen folded before Flop (didn't bet)
Seat 4: louisbinns folded before Flop (didn't bet)
Seat 5: TSELEPI (button) folded before Flop (didn't bet)
Seat 6: theristis88 (small blind) folded before Flop
Seat 7: Gabrielfs13 (big blind) collected (3080)
Seat 8: Burgisser-007 folded before Flop



PokerStars Hand #257085013523: Tournament #3912600275, $4.80+$5.00+$1.20 USD Hold'em No Limit - Level IX (200/400) - 2025/07/25 14:34:36 BRT [2025/07/25 13:34:36 ET]
Table '3912600275 3' 8-max Seat #6 is the button
Seat 1: dasilv2609 (12464 in chips, $12.50 bounty) 
Seat 2: Enigma5557 (3541 in chips, $5 bounty) 
Seat 3: T0bzen (4358 in chips, $5 bounty) 
Seat 4: louisbinns (12350 in chips, $7.50 bounty) 
Seat 5: TSELEPI (17160 in chips, $5 bounty) 
Seat 6: theristis88 (6577 in chips, $7.50 bounty) 
Seat 7: Gabrielfs13 (11732 in chips, $7.50 bounty) 
Seat 8: Burgisser-007 (14778 in chips, $7.50 bounty) 
dasilv2609: posts the ante 60
Enigma5557: posts the ante 60
T0bzen: posts the ante 60
louisbinns: posts the ante 60
TSELEPI: posts the ante 60
theristis88: posts the ante 60
Gabrielfs13: posts the ante 60
Burgisser-007: posts the ante 60
Gabrielfs13: posts small blind 200
Burgisser-007: posts big blind 400
*** HOLE CARDS ***
Dealt to Gabrielfs13 [9h As]
dasilv2609: calls 400
Enigma5557: folds 
T0bzen: folds 
louisbinns: folds 
TSELEPI: folds 
theristis88: folds 
Gabrielfs13: calls 200
Burgisser-007: checks 
*** FLOP *** [Ad Ts Kd]
Gabrielfs13: checks 
Burgisser-007: checks 
dasilv2609: bets 1200
Gabrielfs13: calls 1200
Burgisser-007: folds 
*** TURN *** [Ad Ts Kd] [6s]
Gabrielfs13: checks 
dasilv2609: checks 
*** RIVER *** [Ad Ts Kd 6s] [9s]
Gabrielfs13: checks 
dasilv2609: checks 
*** SHOW DOWN ***
Gabrielfs13: shows [9h As] (two pair, Aces and Nines)
dasilv2609: mucks hand 
Gabrielfs13 collected 4080 from pot
*** SUMMARY ***
Total pot 4080 | Rake 0 
Board [Ad Ts Kd 6s 9s]
Seat 1: dasilv2609 mucked [5h 5c]
Seat 2: Enigma5557 folded before Flop (didn't bet)
Seat 3: T0bzen folded before Flop (didn't bet)
Seat 4: louisbinns folded before Flop (didn't bet)
Seat 5: TSELEPI folded before Flop (didn't bet)
Seat 6: theristis88 (button) folded before Flop (didn't bet)
Seat 7: Gabrielfs13 (small blind) showed [9h As] and won (4080) with two pair, Aces and Nines
Seat 8: Burgisser-007 (big blind) folded on the Flop



PokerStars Hand #257085025467: Tournament #3912600275, $4.80+$5.00+$1.20 USD Hold'em No Limit - Level IX (200/400) - 2025/07/25 14:35:36 BRT [2025/07/25 13:35:36 ET]
Table '3912600275 3' 8-max Seat #7 is the button
Seat 1: dasilv2609 (10804 in chips, $12.50 bounty) 
Seat 2: Enigma5557 (3481 in chips, $5 bounty) 
Seat 3: T0bzen (4298 in chips, $5 bounty) 
Seat 4: louisbinns (12290 in chips, $7.50 bounty) 
Seat 5: TSELEPI (17100 in chips, $5 bounty) 
Seat 6: theristis88 (6517 in chips, $7.50 bounty) 
Seat 7: Gabrielfs13 (14152 in chips, $7.50 bounty) 
Seat 8: Burgisser-007 (14318 in chips, $7.50 bounty) 
dasilv2609: posts the ante 60
Enigma5557: posts the ante 60
T0bzen: posts the ante 60
louisbinns: posts the ante 60
TSELEPI: posts the ante 60
theristis88: posts the ante 60
Gabrielfs13: posts the ante 60
Burgisser-007: posts the ante 60
Burgisser-007: posts small blind 200
dasilv2609: posts big blind 400
*** HOLE CARDS ***
Dealt to Gabrielfs13 [Kh Qs]
Enigma5557: folds 
T0bzen: folds 
louisbinns: folds 
TSELEPI: folds 
theristis88: raises 400 to 800
Gabrielfs13: calls 800
Burgisser-007: calls 600
dasilv2609: calls 400
*** FLOP *** [Kd 2h Ah]
Burgisser-007: checks 
dasilv2609: checks 
theristis88 has timed out
theristis88: checks 
Gabrielfs13: checks 
*** TURN *** [Kd 2h Ah] [Td]
Burgisser-007: checks 
dasilv2609: checks 
theristis88: bets 1200
Gabrielfs13: calls 1200
Burgisser-007: calls 1200
dasilv2609: folds 
*** RIVER *** [Kd 2h Ah Td] [8d]
Burgisser-007: checks 
theristis88: checks 
Gabrielfs13: checks 
*** SHOW DOWN ***
Burgisser-007: shows [7h 9h] (high card Ace)
theristis88: shows [6c Ac] (a pair of Aces)
Gabrielfs13: mucks hand 
theristis88 collected 7280 from pot
*** SUMMARY ***
Total pot 7280 | Rake 0 
Board [Kd 2h Ah Td 8d]
Seat 1: dasilv2609 (big blind) folded on the Turn
Seat 2: Enigma5557 folded before Flop (didn't bet)
Seat 3: T0bzen folded before Flop (didn't bet)
Seat 4: louisbinns folded before Flop (didn't bet)
Seat 5: TSELEPI folded before Flop (didn't bet)
Seat 6: theristis88 showed [6c Ac] and won (7280) with a pair of Aces
Seat 7: Gabrielfs13 (button) mucked [Kh Qs]
Seat 8: Burgisser-007 (small blind) showed [7h 9h] and lost with high card Ace



PokerStars Hand #257085047417: Tournament #3912600275, $4.80+$5.00+$1.20 USD Hold'em No Limit - Level X (250/500) - 2025/07/25 14:37:27 BRT [2025/07/25 13:37:27 ET]
Table '3912600275 3' 8-max Seat #8 is the button
Seat 1: dasilv2609 (9944 in chips, $12.50 bounty) 
Seat 3: T0bzen (4238 in chips, $5 bounty) 
Seat 4: louisbinns (12230 in chips, $7.50 bounty) 
Seat 5: TSELEPI (17040 in chips, $5 bounty) 
Seat 6: theristis88 (11737 in chips, $7.50 bounty) 
Seat 7: Gabrielfs13 (12092 in chips, $7.50 bounty) 
Seat 8: Burgisser-007 (12258 in chips, $7.50 bounty) 
dasilv2609: posts the ante 80
T0bzen: posts the ante 80
louisbinns: posts the ante 80
TSELEPI: posts the ante 80
theristis88: posts the ante 80
Gabrielfs13: posts the ante 80
Burgisser-007: posts the ante 80
dasilv2609: posts small blind 250
T0bzen: posts big blind 500
*** HOLE CARDS ***
Dealt to Gabrielfs13 [7c 9d]
louisbinns: folds 
TSELEPI: folds 
theristis88: folds 
Gabrielfs13: folds 
Burgisser-007: raises 1500 to 2000
dasilv2609: raises 7864 to 9864 and is all-in
T0bzen: folds 
Burgisser-007: folds 
Uncalled bet (7864) returned to dasilv2609
dasilv2609 collected 5060 from pot
dasilv2609: doesn't show hand 
*** SUMMARY ***
Total pot 5060 | Rake 0 
Seat 1: dasilv2609 (small blind) collected (5060)
Seat 3: T0bzen (big blind) folded before Flop
Seat 4: louisbinns folded before Flop (didn't bet)
Seat 5: TSELEPI folded before Flop (didn't bet)
Seat 6: theristis88 folded before Flop (didn't bet)
Seat 7: Gabrielfs13 folded before Flop (didn't bet)
Seat 8: Burgisser-007 (button) folded before Flop



PokerStars Hand #257085053798: Tournament #3912600275, $4.80+$5.00+$1.20 USD Hold'em No Limit - Level X (250/500) - 2025/07/25 14:37:59 BRT [2025/07/25 13:37:59 ET]
Table '3912600275 3' 8-max Seat #1 is the button
Seat 1: dasilv2609 (12924 in chips, $12.50 bounty) 
Seat 2: ottorocket22 (6317 in chips) out of hand (moved from another table into small blind)
Seat 3: T0bzen (3658 in chips, $5 bounty) 
Seat 4: louisbinns (12150 in chips, $7.50 bounty) 
Seat 5: TSELEPI (16960 in chips, $5 bounty) 
Seat 6: theristis88 (11657 in chips, $7.50 bounty) 
Seat 7: Gabrielfs13 (12012 in chips, $7.50 bounty) 
Seat 8: Burgisser-007 (10178 in chips, $7.50 bounty) 
ottorocket22 will be allowed to play after the button
dasilv2609: posts the ante 80
T0bzen: posts the ante 80
louisbinns: posts the ante 80
TSELEPI: posts the ante 80
theristis88: posts the ante 80
Gabrielfs13: posts the ante 80
Burgisser-007: posts the ante 80
T0bzen: posts small blind 250
louisbinns: posts big blind 500
*** HOLE CARDS ***
Dealt to Gabrielfs13 [Ah 7s]
TSELEPI: folds 
theristis88: folds 
Gabrielfs13: folds 
Burgisser-007: folds 
dasilv2609: folds 
T0bzen: raises 3078 to 3578 and is all-in
louisbinns: calls 3078
*** FLOP *** [9c 5c 8h]
*** TURN *** [9c 5c 8h] [6d]
*** RIVER *** [9c 5c 8h 6d] [Jh]
*** SHOW DOWN ***
T0bzen: shows [8s Kh] (a pair of Eights)
louisbinns: shows [Kd Ac] (high card Ace)
T0bzen collected 7716 from pot
*** SUMMARY ***
Total pot 7716 | Rake 0 
Board [9c 5c 8h 6d Jh]
Seat 1: dasilv2609 (button) folded before Flop (didn't bet)
Seat 3: T0bzen (small blind) showed [8s Kh] and won (7716) with a pair of Eights
Seat 4: louisbinns (big blind) showed [Kd Ac] and lost with high card Ace
Seat 5: TSELEPI folded before Flop (didn't bet)
Seat 6: theristis88 folded before Flop (didn't bet)
Seat 7: Gabrielfs13 folded before Flop (didn't bet)
Seat 8: Burgisser-007 folded before Flop (didn't bet)



PokerStars Hand #257085064295: Tournament #3912600275, $4.80+$5.00+$1.20 USD Hold'em No Limit - Level X (250/500) - 2025/07/25 14:38:52 BRT [2025/07/25 13:38:52 ET]
Table '3912600275 3' 8-max Seat #3 is the button
Seat 1: dasilv2609 (12844 in chips, $12.50 bounty) 
Seat 2: ottorocket22 (6317 in chips, $7.50 bounty) 
Seat 3: T0bzen (7716 in chips, $5 bounty) 
Seat 4: louisbinns (8492 in chips, $7.50 bounty) 
Seat 5: TSELEPI (16880 in chips, $5 bounty) 
Seat 6: theristis88 (11577 in chips, $7.50 bounty) 
Seat 7: Gabrielfs13 (11932 in chips, $7.50 bounty) 
Seat 8: Burgisser-007 (10098 in chips, $7.50 bounty) 
dasilv2609: posts the ante 80
ottorocket22: posts the ante 80
T0bzen: posts the ante 80
louisbinns: posts the ante 80
TSELEPI: posts the ante 80
theristis88: posts the ante 80
Gabrielfs13: posts the ante 80
Burgisser-007: posts the ante 80
louisbinns: posts small blind 250
TSELEPI: posts big blind 500
*** HOLE CARDS ***
Dealt to Gabrielfs13 [3s Td]
theristis88: folds 
Gabrielfs13: folds 
Burgisser-007: folds 
dasilv2609: folds 
ottorocket22: folds 
T0bzen: folds 
louisbinns: calls 250
TSELEPI: checks 
*** FLOP *** [Th 8s 5s]
louisbinns: checks 
TSELEPI: checks 
*** TURN *** [Th 8s 5s] [3h]
louisbinns: checks 
TSELEPI: checks 
*** RIVER *** [Th 8s 5s 3h] [Tc]
louisbinns: checks 
TSELEPI: checks 
*** SHOW DOWN ***
louisbinns: shows [Qs 9h] (a pair of Tens)
TSELEPI: mucks hand 
louisbinns collected 1640 from pot
*** SUMMARY ***
Total pot 1640 | Rake 0 
Board [Th 8s 5s 3h Tc]
Seat 1: dasilv2609 folded before Flop (didn't bet)
Seat 2: ottorocket22 folded before Flop (didn't bet)
Seat 3: T0bzen (button) folded before Flop (didn't bet)
Seat 4: louisbinns (small blind) showed [Qs 9h] and won (1640) with a pair of Tens
Seat 5: TSELEPI (big blind) mucked [4d Jh]
Seat 6: theristis88 folded before Flop (didn't bet)
Seat 7: Gabrielfs13 folded before Flop (didn't bet)
Seat 8: Burgisser-007 folded before Flop (didn't bet)



PokerStars Hand #257085075344: Tournament #3912600275, $4.80+$5.00+$1.20 USD Hold'em No Limit - Level X (250/500) - 2025/07/25 14:39:48 BRT [2025/07/25 13:39:48 ET]
Table '3912600275 3' 8-max Seat #4 is the button
Seat 1: dasilv2609 (12764 in chips, $12.50 bounty) 
Seat 2: ottorocket22 (6237 in chips, $7.50 bounty) 
Seat 3: T0bzen (7636 in chips, $5 bounty) 
Seat 4: louisbinns (9552 in chips, $7.50 bounty) 
Seat 5: TSELEPI (16300 in chips, $5 bounty) 
Seat 6: theristis88 (11497 in chips, $7.50 bounty) 
Seat 7: Gabrielfs13 (11852 in chips, $7.50 bounty) 
Seat 8: Burgisser-007 (10018 in chips, $7.50 bounty) 
dasilv2609: posts the ante 80
ottorocket22: posts the ante 80
T0bzen: posts the ante 80
louisbinns: posts the ante 80
TSELEPI: posts the ante 80
theristis88: posts the ante 80
Gabrielfs13: posts the ante 80
Burgisser-007: posts the ante 80
TSELEPI: posts small blind 250
theristis88: posts big blind 500
*** HOLE CARDS ***
Dealt to Gabrielfs13 [4d Qs]
Gabrielfs13: folds 
Burgisser-007: folds 
dasilv2609: calls 500
ottorocket22: folds 
T0bzen: folds 
louisbinns: folds 
TSELEPI: folds 
theristis88: checks 
*** FLOP *** [Ks Kh 7c]
theristis88: checks 
dasilv2609: bets 1500
theristis88: calls 1500
*** TURN *** [Ks Kh 7c] [4c]
theristis88: checks 
dasilv2609: checks 
*** RIVER *** [Ks Kh 7c 4c] [3s]
theristis88: bets 1500
dasilv2609: calls 1500
*** SHOW DOWN ***
theristis88: shows [8d Kc] (three of a kind, Kings)
dasilv2609: mucks hand 
theristis88 collected 7890 from pot
*** SUMMARY ***
Total pot 7890 | Rake 0 
Board [Ks Kh 7c 4c 3s]
Seat 1: dasilv2609 mucked [Th Tc]
Seat 2: ottorocket22 folded before Flop (didn't bet)
Seat 3: T0bzen folded before Flop (didn't bet)
Seat 4: louisbinns (button) folded before Flop (didn't bet)
Seat 5: TSELEPI (small blind) folded before Flop
Seat 6: theristis88 (big blind) showed [8d Kc] and won (7890) with three of a kind, Kings
Seat 7: Gabrielfs13 folded before Flop (didn't bet)
Seat 8: Burgisser-007 folded before Flop (didn't bet)



PokerStars Hand #257085090304: Tournament #3912600275, $4.80+$5.00+$1.20 USD Hold'em No Limit - Level X (250/500) - 2025/07/25 14:41:03 BRT [2025/07/25 13:41:03 ET]
Table '3912600275 3' 8-max Seat #5 is the button
Seat 1: dasilv2609 (9184 in chips, $12.50 bounty) 
Seat 2: ottorocket22 (6157 in chips, $7.50 bounty) 
Seat 3: T0bzen (7556 in chips, $5 bounty) 
Seat 4: louisbinns (9472 in chips, $7.50 bounty) 
Seat 5: TSELEPI (15970 in chips, $5 bounty) 
Seat 6: theristis88 (15807 in chips, $7.50 bounty) 
Seat 7: Gabrielfs13 (11772 in chips, $7.50 bounty) 
Seat 8: Burgisser-007 (9938 in chips, $7.50 bounty) 
dasilv2609: posts the ante 80
ottorocket22: posts the ante 80
T0bzen: posts the ante 80
louisbinns: posts the ante 80
TSELEPI: posts the ante 80
theristis88: posts the ante 80
Gabrielfs13: posts the ante 80
Burgisser-007: posts the ante 80
theristis88: posts small blind 250
Gabrielfs13: posts big blind 500
*** HOLE CARDS ***
Dealt to Gabrielfs13 [7h 6h]
Burgisser-007: folds 
dasilv2609: calls 500
ottorocket22: folds 
T0bzen: folds 
louisbinns: calls 500
TSELEPI: folds 
theristis88: calls 250
Gabrielfs13: checks 
*** FLOP *** [2s 5c Qh]
theristis88: checks 
Gabrielfs13: checks 
dasilv2609: checks 
louisbinns: bets 1000
theristis88: folds 
Gabrielfs13: folds 
dasilv2609: folds 
Uncalled bet (1000) returned to louisbinns
louisbinns collected 2640 from pot
louisbinns: doesn't show hand 
*** SUMMARY ***
Total pot 2640 | Rake 0 
Board [2s 5c Qh]
Seat 1: dasilv2609 folded on the Flop
Seat 2: ottorocket22 folded before Flop (didn't bet)
Seat 3: T0bzen folded before Flop (didn't bet)
Seat 4: louisbinns collected (2640)
Seat 5: TSELEPI (button) folded before Flop (didn't bet)
Seat 6: theristis88 (small blind) folded on the Flop
Seat 7: Gabrielfs13 (big blind) folded on the Flop
Seat 8: Burgisser-007 folded before Flop (didn't bet)



PokerStars Hand #257085099823: Tournament #3912600275, $4.80+$5.00+$1.20 USD Hold'em No Limit - Level XI (300/600) - 2025/07/25 14:41:51 BRT [2025/07/25 13:41:51 ET]
Table '3912600275 3' 8-max Seat #6 is the button
Seat 1: dasilv2609 (8604 in chips, $12.50 bounty) 
Seat 2: ottorocket22 (6077 in chips, $7.50 bounty) 
Seat 3: T0bzen (7476 in chips, $5 bounty) 
Seat 4: louisbinns (11532 in chips, $7.50 bounty) 
Seat 5: TSELEPI (15890 in chips, $5 bounty) 
Seat 6: theristis88 (15227 in chips, $7.50 bounty) 
Seat 7: Gabrielfs13 (11192 in chips, $7.50 bounty) 
Seat 8: Burgisser-007 (9858 in chips, $7.50 bounty) 
dasilv2609: posts the ante 90
ottorocket22: posts the ante 90
T0bzen: posts the ante 90
louisbinns: posts the ante 90
TSELEPI: posts the ante 90
theristis88: posts the ante 90
Gabrielfs13: posts the ante 90
Burgisser-007: posts the ante 90
Gabrielfs13: posts small blind 300
Burgisser-007: posts big blind 600
*** HOLE CARDS ***
Dealt to Gabrielfs13 [Qc Td]
dasilv2609: calls 600
ottorocket22: folds 
T0bzen: folds 
louisbinns: folds 
TSELEPI: folds 
theristis88: calls 600
Gabrielfs13: calls 300
Burgisser-007: checks 
*** FLOP *** [5s Ad 3c]
Gabrielfs13: checks 
Burgisser-007: checks 
dasilv2609: checks 
theristis88: checks 
*** TURN *** [5s Ad 3c] [9s]
Gabrielfs13: checks 
Burgisser-007: checks 
dasilv2609: bets 1800
theristis88: folds 
Gabrielfs13: folds 
Burgisser-007: folds 
Uncalled bet (1800) returned to dasilv2609
dasilv2609 collected 3120 from pot
dasilv2609: doesn't show hand 
*** SUMMARY ***
Total pot 3120 | Rake 0 
Board [5s Ad 3c 9s]
Seat 1: dasilv2609 collected (3120)
Seat 2: ottorocket22 folded before Flop (didn't bet)
Seat 3: T0bzen folded before Flop (didn't bet)
Seat 4: louisbinns folded before Flop (didn't bet)
Seat 5: TSELEPI folded before Flop (didn't bet)
Seat 6: theristis88 (button) folded on the Turn
Seat 7: Gabrielfs13 (small blind) folded on the Turn
Seat 8: Burgisser-007 (big blind) folded on the Turn



PokerStars Hand #257085114348: Tournament #3912600275, $4.80+$5.00+$1.20 USD Hold'em No Limit - Level XI (300/600) - 2025/07/25 14:43:04 BRT [2025/07/25 13:43:04 ET]
Table '3912600275 3' 8-max Seat #7 is the button
Seat 1: dasilv2609 (11034 in chips, $12.50 bounty) 
Seat 2: ottorocket22 (5987 in chips, $7.50 bounty) 
Seat 4: louisbinns (11442 in chips, $7.50 bounty) 
Seat 5: TSELEPI (15800 in chips, $5 bounty) 
Seat 6: theristis88 (14537 in chips, $7.50 bounty) 
Seat 7: Gabrielfs13 (10502 in chips, $7.50 bounty) 
Seat 8: Burgisser-007 (9168 in chips, $7.50 bounty) 
dasilv2609: posts the ante 90
ottorocket22: posts the ante 90
louisbinns: posts the ante 90
TSELEPI: posts the ante 90
theristis88: posts the ante 90
Gabrielfs13: posts the ante 90
Burgisser-007: posts the ante 90
Burgisser-007: posts small blind 300
dasilv2609: posts big blind 600
*** HOLE CARDS ***
Dealt to Gabrielfs13 [4c Ad]
ottorocket22: folds 
louisbinns: folds 
TSELEPI: raises 700 to 1300
theristis88: folds 
Gabrielfs13: folds 
Burgisser-007: folds 
dasilv2609: folds 
Uncalled bet (700) returned to TSELEPI
TSELEPI collected 2130 from pot
TSELEPI: doesn't show hand 
*** SUMMARY ***
Total pot 2130 | Rake 0 
Seat 1: dasilv2609 (big blind) folded before Flop
Seat 2: ottorocket22 folded before Flop (didn't bet)
Seat 4: louisbinns folded before Flop (didn't bet)
Seat 5: TSELEPI collected (2130)
Seat 6: theristis88 folded before Flop (didn't bet)
Seat 7: Gabrielfs13 (button) folded before Flop (didn't bet)
Seat 8: Burgisser-007 (small blind) folded before Flop



PokerStars Hand #257085118427: Tournament #3912600275, $4.80+$5.00+$1.20 USD Hold'em No Limit - Level XI (300/600) - 2025/07/25 14:43:25 BRT [2025/07/25 13:43:25 ET]
Table '3912600275 3' 8-max Seat #8 is the button
Seat 1: dasilv2609 (10344 in chips, $12.50 bounty) 
Seat 2: ottorocket22 (5897 in chips, $7.50 bounty) 
Seat 4: louisbinns (11352 in chips, $7.50 bounty) 
Seat 5: TSELEPI (17240 in chips, $5 bounty) 
Seat 6: theristis88 (14447 in chips, $7.50 bounty) 
Seat 7: Gabrielfs13 (10412 in chips, $7.50 bounty) 
Seat 8: Burgisser-007 (8778 in chips, $7.50 bounty) 
dasilv2609: posts the ante 90
ottorocket22: posts the ante 90
louisbinns: posts the ante 90
TSELEPI: posts the ante 90
theristis88: posts the ante 90
Gabrielfs13: posts the ante 90
Burgisser-007: posts the ante 90
dasilv2609: posts small blind 300
ottorocket22: posts big blind 600
*** HOLE CARDS ***
Dealt to Gabrielfs13 [6s Ac]
louisbinns: folds 
TSELEPI: folds 
theristis88: raises 600 to 1200
Gabrielfs13: folds 
Burgisser-007: folds 
dasilv2609: folds 
ottorocket22: calls 600
*** FLOP *** [9s 2c 8h]
ottorocket22: checks 
theristis88: checks 
*** TURN *** [9s 2c 8h] [Jh]
ottorocket22: checks 
theristis88: bets 600
ottorocket22: calls 600
*** RIVER *** [9s 2c 8h Jh] [Ts]
ottorocket22: checks 
theristis88: bets 12557 and is all-in
ottorocket22: folds 
Uncalled bet (12557) returned to theristis88
theristis88 collected 4530 from pot
*** SUMMARY ***
Total pot 4530 | Rake 0 
Board [9s 2c 8h Jh Ts]
Seat 1: dasilv2609 (small blind) folded before Flop
Seat 2: ottorocket22 (big blind) folded on the River
Seat 4: louisbinns folded before Flop (didn't bet)
Seat 5: TSELEPI folded before Flop (didn't bet)
Seat 6: theristis88 collected (4530)
Seat 7: Gabrielfs13 folded before Flop (didn't bet)
Seat 8: Burgisser-007 (button) folded before Flop (didn't bet)



PokerStars Hand #257085129439: Tournament #3912600275, $4.80+$5.00+$1.20 USD Hold'em No Limit - Level XI (300/600) - 2025/07/25 14:44:21 BRT [2025/07/25 13:44:21 ET]
Table '3912600275 3' 8-max Seat #1 is the button
Seat 1: dasilv2609 (9954 in chips, $12.50 bounty) 
Seat 2: ottorocket22 (4007 in chips, $7.50 bounty) 
Seat 4: louisbinns (11262 in chips, $7.50 bounty) 
Seat 5: TSELEPI (17150 in chips, $5 bounty) 
Seat 6: theristis88 (17087 in chips, $7.50 bounty) 
Seat 7: Gabrielfs13 (10322 in chips, $7.50 bounty) 
Seat 8: Burgisser-007 (8688 in chips, $7.50 bounty) 
dasilv2609: posts the ante 90
ottorocket22: posts the ante 90
louisbinns: posts the ante 90
TSELEPI: posts the ante 90
theristis88: posts the ante 90
Gabrielfs13: posts the ante 90
Burgisser-007: posts the ante 90
ottorocket22: posts small blind 300
louisbinns: posts big blind 600
*** HOLE CARDS ***
Dealt to Gabrielfs13 [Qd 7d]
TSELEPI: raises 700 to 1300
theristis88: folds 
Gabrielfs13: folds 
Burgisser-007: folds 
dasilv2609: raises 1300 to 2600
ottorocket22: folds 
louisbinns: folds 
TSELEPI: calls 1300
*** FLOP *** [6s As Jc]
TSELEPI: checks 
dasilv2609: checks 
*** TURN *** [6s As Jc] [Kd]
TSELEPI: checks 
dasilv2609: bets 1800
TSELEPI: calls 1800
*** RIVER *** [6s As Jc Kd] [6c]
TSELEPI: checks 
dasilv2609: bets 3600
TSELEPI: folds 
Uncalled bet (3600) returned to dasilv2609
dasilv2609 collected 10330 from pot
dasilv2609: doesn't show hand 
*** SUMMARY ***
Total pot 10330 | Rake 0 
Board [6s As Jc Kd 6c]
Seat 1: dasilv2609 (button) collected (10330)
Seat 2: ottorocket22 (small blind) folded before Flop
Seat 4: louisbinns (big blind) folded before Flop
Seat 5: TSELEPI folded on the River
Seat 6: theristis88 folded before Flop (didn't bet)
Seat 7: Gabrielfs13 folded before Flop (didn't bet)
Seat 8: Burgisser-007 folded before Flop (didn't bet)



PokerStars Hand #257085139354: Tournament #3912600275, $4.80+$5.00+$1.20 USD Hold'em No Limit - Level XI (300/600) - 2025/07/25 14:45:10 BRT [2025/07/25 13:45:10 ET]
Table '3912600275 3' 8-max Seat #2 is the button
Seat 1: dasilv2609 (15794 in chips, $12.50 bounty) 
Seat 2: ottorocket22 (3617 in chips, $7.50 bounty) 
Seat 4: louisbinns (10572 in chips, $7.50 bounty) 
Seat 5: TSELEPI (12660 in chips, $5 bounty) 
Seat 6: theristis88 (16997 in chips, $7.50 bounty) 
Seat 7: Gabrielfs13 (10232 in chips, $7.50 bounty) 
Seat 8: Burgisser-007 (8598 in chips, $7.50 bounty) 
dasilv2609: posts the ante 90
ottorocket22: posts the ante 90
louisbinns: posts the ante 90
TSELEPI: posts the ante 90
theristis88: posts the ante 90
Gabrielfs13: posts the ante 90
Burgisser-007: posts the ante 90
louisbinns: posts small blind 300
TSELEPI: posts big blind 600
*** HOLE CARDS ***
Dealt to Gabrielfs13 [6c 3h]
theristis88: folds 
Gabrielfs13: folds 
Burgisser-007: raises 1200 to 1800
dasilv2609: raises 13904 to 15704 and is all-in
ottorocket22: folds 
louisbinns: folds 
TSELEPI: folds 
Burgisser-007: calls 6708 and is all-in
Uncalled bet (7196) returned to dasilv2609
*** FLOP *** [Td 5d 4d]
*** TURN *** [Td 5d 4d] [Jc]
*** RIVER *** [Td 5d 4d Jc] [8s]
*** SHOW DOWN ***
Burgisser-007: shows [Kc Ad] (high card Ace)
dasilv2609: shows [8d 8h] (three of a kind, Eights)
dasilv2609 collected 18546 from pot
dasilv2609 wins $3.75 for eliminating Burgisser-007 and their own bounty increases by $3.75 to $16.25
Burgisser-007 finished the tournament in 25th place
*** SUMMARY ***
Total pot 18546 | Rake 0 
Board [Td 5d 4d Jc 8s]
Seat 1: dasilv2609 showed [8d 8h] and won (18546) with three of a kind, Eights
Seat 2: ottorocket22 (button) folded before Flop (didn't bet)
Seat 4: louisbinns (small blind) folded before Flop
Seat 5: TSELEPI (big blind) folded before Flop
Seat 6: theristis88 folded before Flop (didn't bet)
Seat 7: Gabrielfs13 folded before Flop (didn't bet)
Seat 8: Burgisser-007 showed [Kc Ad] and lost with high card Ace



PokerStars Hand #257085149748: Tournament #3912600275, $4.80+$5.00+$1.20 USD Hold'em No Limit - Level XI (300/600) - 2025/07/25 14:46:03 BRT [2025/07/25 13:46:03 ET]
Table '3912600275 2' 8-max Seat #4 is the button
Seat 1: VintageBruce (10462 in chips, $5 bounty) 
Seat 2: ZMLucker (16682 in chips, $5 bounty) 
Seat 3: T0bzen (5736 in chips, $5 bounty) 
Seat 4: Effe192 (18335 in chips, $7.50 bounty) 
Seat 5: HansSolo9876 (14396 in chips, $12.50 bounty) 
Seat 6: wladi1986 (32533 in chips, $19.37 bounty) 
Seat 7: dasilv2609 (25742 in chips, $16.25 bounty) 
Seat 8: Gabrielfs13 (10142 in chips, $7.50 bounty) 
VintageBruce: posts the ante 90
ZMLucker: posts the ante 90
T0bzen: posts the ante 90
Effe192: posts the ante 90
HansSolo9876: posts the ante 90
wladi1986: posts the ante 90
dasilv2609: posts the ante 90
Gabrielfs13: posts the ante 90
HansSolo9876: posts small blind 300
wladi1986: posts big blind 600
*** HOLE CARDS ***
Dealt to Gabrielfs13 [Ts Qd]
dasilv2609: folds 
Gabrielfs13: folds 
VintageBruce: folds 
ZMLucker: raises 600 to 1200
T0bzen: folds 
Effe192: calls 1200
HansSolo9876: calls 900
wladi1986: calls 600
*** FLOP *** [Qh 9c 8d]
HansSolo9876: checks 
wladi1986: checks 
ZMLucker: checks 
Effe192: bets 2400
HansSolo9876: calls 2400
wladi1986: folds 
ZMLucker: folds 
*** TURN *** [Qh 9c 8d] [8s]
HansSolo9876: checks 
Effe192: checks 
*** RIVER *** [Qh 9c 8d 8s] [Jh]
HansSolo9876: checks 
Effe192: checks 
*** SHOW DOWN ***
HansSolo9876: shows [Jd Kc] (two pair, Jacks and Eights)
Effe192: shows [Qc Ad] (two pair, Queens and Eights)
Effe192 collected 10320 from pot
*** SUMMARY ***
Total pot 10320 | Rake 0 
Board [Qh 9c 8d 8s Jh]
Seat 1: VintageBruce folded before Flop (didn't bet)
Seat 2: ZMLucker folded on the Flop
Seat 3: T0bzen folded before Flop (didn't bet)
Seat 4: Effe192 (button) showed [Qc Ad] and won (10320) with two pair, Queens and Eights
Seat 5: HansSolo9876 (small blind) showed [Jd Kc] and lost with two pair, Jacks and Eights
Seat 6: wladi1986 (big blind) folded on the Flop
Seat 7: dasilv2609 folded before Flop (didn't bet)
Seat 8: Gabrielfs13 folded before Flop (didn't bet)



PokerStars Hand #257085162775: Tournament #3912600275, $4.80+$5.00+$1.20 USD Hold'em No Limit - Level XII (350/700) - 2025/07/25 14:47:08 BRT [2025/07/25 13:47:08 ET]
Table '3912600275 2' 8-max Seat #5 is the button
Seat 1: VintageBruce (10372 in chips, $5 bounty) 
Seat 2: ZMLucker (15392 in chips, $5 bounty) 
Seat 3: T0bzen (5646 in chips, $5 bounty) 
Seat 4: Effe192 (24965 in chips, $7.50 bounty) 
Seat 5: HansSolo9876 (10706 in chips, $12.50 bounty) 
Seat 6: wladi1986 (31243 in chips, $19.37 bounty) 
Seat 7: dasilv2609 (25652 in chips, $16.25 bounty) 
Seat 8: Gabrielfs13 (10052 in chips, $7.50 bounty) 
VintageBruce: posts the ante 110
ZMLucker: posts the ante 110
T0bzen: posts the ante 110
Effe192: posts the ante 110
HansSolo9876: posts the ante 110
wladi1986: posts the ante 110
dasilv2609: posts the ante 110
Gabrielfs13: posts the ante 110
wladi1986: posts small blind 350
dasilv2609: posts big blind 700
*** HOLE CARDS ***
Dealt to Gabrielfs13 [4c Jc]
Gabrielfs13: folds 
VintageBruce: folds 
ZMLucker: folds 
T0bzen: folds 
Effe192: folds 
HansSolo9876: folds 
wladi1986: folds 
Uncalled bet (350) returned to dasilv2609
dasilv2609 collected 1580 from pot
dasilv2609: doesn't show hand 
*** SUMMARY ***
Total pot 1580 | Rake 0 
Seat 1: VintageBruce folded before Flop (didn't bet)
Seat 2: ZMLucker folded before Flop (didn't bet)
Seat 3: T0bzen folded before Flop (didn't bet)
Seat 4: Effe192 folded before Flop (didn't bet)
Seat 5: HansSolo9876 (button) folded before Flop (didn't bet)
Seat 6: wladi1986 (small blind) folded before Flop
Seat 7: dasilv2609 (big blind) collected (1580)
Seat 8: Gabrielfs13 folded before Flop (didn't bet)



PokerStars Hand #257085169009: Tournament #3912600275, $4.80+$5.00+$1.20 USD Hold'em No Limit - Level XII (350/700) - 2025/07/25 14:47:39 BRT [2025/07/25 13:47:39 ET]
Table '3912600275 2' 8-max Seat #6 is the button
Seat 1: VintageBruce (10262 in chips, $5 bounty) 
Seat 2: ZMLucker (15282 in chips, $5 bounty) 
Seat 3: T0bzen (5536 in chips, $5 bounty) 
Seat 4: Effe192 (24855 in chips, $7.50 bounty) 
Seat 5: HansSolo9876 (10596 in chips, $12.50 bounty) 
Seat 6: wladi1986 (30783 in chips, $19.37 bounty) 
Seat 7: dasilv2609 (26772 in chips, $16.25 bounty) 
Seat 8: Gabrielfs13 (9942 in chips, $7.50 bounty) 
VintageBruce: posts the ante 110
ZMLucker: posts the ante 110
T0bzen: posts the ante 110
Effe192: posts the ante 110
HansSolo9876: posts the ante 110
wladi1986: posts the ante 110
dasilv2609: posts the ante 110
Gabrielfs13: posts the ante 110
dasilv2609: posts small blind 350
Gabrielfs13: posts big blind 700
*** HOLE CARDS ***
Dealt to Gabrielfs13 [9s 3d]
VintageBruce: folds 
ZMLucker: folds 
T0bzen: raises 4726 to 5426 and is all-in
Effe192: folds 
HansSolo9876: folds 
wladi1986: folds 
dasilv2609: raises 4726 to 10152
Gabrielfs13: folds 
Uncalled bet (4726) returned to dasilv2609
*** FLOP *** [4s 5c Js]
*** TURN *** [4s 5c Js] [4h]
*** RIVER *** [4s 5c Js 4h] [Ah]
*** SHOW DOWN ***
dasilv2609: shows [Ks Ac] (two pair, Aces and Fours)
T0bzen: shows [As 2s] (two pair, Aces and Fours - lower kicker)
dasilv2609 collected 12432 from pot
dasilv2609 wins $2.50 for eliminating T0bzen and their own bounty increases by $2.50 to $18.75
T0bzen finished the tournament in 23rd place
*** SUMMARY ***
Total pot 12432 | Rake 0 
Board [4s 5c Js 4h Ah]
Seat 1: VintageBruce folded before Flop (didn't bet)
Seat 2: ZMLucker folded before Flop (didn't bet)
Seat 3: T0bzen showed [As 2s] and lost with two pair, Aces and Fours
Seat 4: Effe192 folded before Flop (didn't bet)
Seat 5: HansSolo9876 folded before Flop (didn't bet)
Seat 6: wladi1986 (button) folded before Flop (didn't bet)
Seat 7: dasilv2609 (small blind) showed [Ks Ac] and won (12432) with two pair, Aces and Fours
Seat 8: Gabrielfs13 (big blind) folded before Flop



PokerStars Hand #257085175686: Tournament #3912600275, $4.80+$5.00+$1.20 USD Hold'em No Limit - Level XII (350/700) - 2025/07/25 14:48:13 BRT [2025/07/25 13:48:13 ET]
Table '3912600275 2' 8-max Seat #7 is the button
Seat 1: VintageBruce (10152 in chips, $5 bounty) 
Seat 2: ZMLucker (15172 in chips, $5 bounty) 
Seat 4: Effe192 (24745 in chips, $7.50 bounty) 
Seat 5: HansSolo9876 (10486 in chips, $12.50 bounty) 
Seat 6: wladi1986 (30673 in chips, $19.37 bounty) 
Seat 7: dasilv2609 (33668 in chips, $18.75 bounty) 
Seat 8: Gabrielfs13 (9132 in chips, $7.50 bounty) 
VintageBruce: posts the ante 110
ZMLucker: posts the ante 110
Effe192: posts the ante 110
HansSolo9876: posts the ante 110
wladi1986: posts the ante 110
dasilv2609: posts the ante 110
Gabrielfs13: posts the ante 110
Gabrielfs13: posts small blind 350
VintageBruce: posts big blind 700
*** HOLE CARDS ***
Dealt to Gabrielfs13 [Tc Qs]
ZMLucker: calls 700
Effe192: folds 
HansSolo9876: folds 
wladi1986: calls 700
dasilv2609: folds 
Gabrielfs13: folds 
VintageBruce: checks 
*** FLOP *** [4d 6d Qh]
VintageBruce: checks 
ZMLucker: checks 
wladi1986: checks 
*** TURN *** [4d 6d Qh] [5s]
VintageBruce: checks 
ZMLucker: checks 
wladi1986: checks 
*** RIVER *** [4d 6d Qh 5s] [Jh]
VintageBruce: checks 
ZMLucker: checks 
wladi1986: bets 700
VintageBruce: folds 
ZMLucker: folds 
Uncalled bet (700) returned to wladi1986
wladi1986 collected 3220 from pot
wladi1986: doesn't show hand 
*** SUMMARY ***
Total pot 3220 | Rake 0 
Board [4d 6d Qh 5s Jh]
Seat 1: VintageBruce (big blind) folded on the River
Seat 2: ZMLucker folded on the River
Seat 4: Effe192 folded before Flop (didn't bet)
Seat 5: HansSolo9876 folded before Flop (didn't bet)
Seat 6: wladi1986 collected (3220)
Seat 7: dasilv2609 (button) folded before Flop (didn't bet)
Seat 8: Gabrielfs13 (small blind) folded before Flop



PokerStars Hand #257085194201: Tournament #3912600275, $4.80+$5.00+$1.20 USD Hold'em No Limit - Level XII (350/700) - 2025/07/25 14:49:46 BRT [2025/07/25 13:49:46 ET]
Table '3912600275 2' 8-max Seat #8 is the button
Seat 1: VintageBruce (9342 in chips, $5 bounty) 
Seat 2: ZMLucker (14362 in chips, $5 bounty) 
Seat 4: Effe192 (24635 in chips, $7.50 bounty) 
Seat 5: HansSolo9876 (10376 in chips, $12.50 bounty) 
Seat 6: wladi1986 (33083 in chips, $19.37 bounty) 
Seat 7: dasilv2609 (33558 in chips, $18.75 bounty) 
Seat 8: Gabrielfs13 (8672 in chips, $7.50 bounty) 
VintageBruce: posts the ante 110
ZMLucker: posts the ante 110
Effe192: posts the ante 110
HansSolo9876: posts the ante 110
wladi1986: posts the ante 110
dasilv2609: posts the ante 110
Gabrielfs13: posts the ante 110
VintageBruce: posts small blind 350
ZMLucker: posts big blind 700
*** HOLE CARDS ***
Dealt to Gabrielfs13 [3s Kc]
Effe192: raises 1400 to 2100
HansSolo9876: folds 
wladi1986: folds 
dasilv2609: calls 2100
Gabrielfs13: folds 
VintageBruce: folds 
ZMLucker: folds 
*** FLOP *** [Jh 7c Ac]
Effe192: checks 
dasilv2609: bets 6020
Effe192: folds 
Uncalled bet (6020) returned to dasilv2609
dasilv2609 collected 6020 from pot
dasilv2609: doesn't show hand 
*** SUMMARY ***
Total pot 6020 | Rake 0 
Board [Jh 7c Ac]
Seat 1: VintageBruce (small blind) folded before Flop
Seat 2: ZMLucker (big blind) folded before Flop
Seat 4: Effe192 folded on the Flop
Seat 5: HansSolo9876 folded before Flop (didn't bet)
Seat 6: wladi1986 folded before Flop (didn't bet)
Seat 7: dasilv2609 collected (6020)
Seat 8: Gabrielfs13 (button) folded before Flop (didn't bet)



PokerStars Hand #257085201546: Tournament #3912600275, $4.80+$5.00+$1.20 USD Hold'em No Limit - Level XII (350/700) - 2025/07/25 14:50:23 BRT [2025/07/25 13:50:23 ET]
Table '3912600275 2' 8-max Seat #1 is the button
Seat 1: VintageBruce (8882 in chips, $5 bounty) 
Seat 2: ZMLucker (13552 in chips, $5 bounty) 
Seat 4: Effe192 (22425 in chips, $7.50 bounty) 
Seat 5: HansSolo9876 (10266 in chips, $12.50 bounty) 
Seat 6: wladi1986 (32973 in chips, $19.37 bounty) 
Seat 7: dasilv2609 (37368 in chips, $18.75 bounty) 
Seat 8: Gabrielfs13 (8562 in chips, $7.50 bounty) 
VintageBruce: posts the ante 110
ZMLucker: posts the ante 110
Effe192: posts the ante 110
HansSolo9876: posts the ante 110
wladi1986: posts the ante 110
dasilv2609: posts the ante 110
Gabrielfs13: posts the ante 110
ZMLucker: posts small blind 350
Effe192: posts big blind 700
*** HOLE CARDS ***
Dealt to Gabrielfs13 [Ks 9c]
HansSolo9876: folds 
wladi1986: calls 700
dasilv2609: folds 
Gabrielfs13: folds 
VintageBruce: folds 
ZMLucker: folds 
Effe192: checks 
*** FLOP *** [6h Ah 3c]
Effe192: checks 
wladi1986: checks 
*** TURN *** [6h Ah 3c] [Jd]
Effe192: checks 
wladi1986: bets 700
Effe192: folds 
Uncalled bet (700) returned to wladi1986
wladi1986 collected 2520 from pot
wladi1986: doesn't show hand 
*** SUMMARY ***
Total pot 2520 | Rake 0 
Board [6h Ah 3c Jd]
Seat 1: VintageBruce (button) folded before Flop (didn't bet)
Seat 2: ZMLucker (small blind) folded before Flop
Seat 4: Effe192 (big blind) folded on the Turn
Seat 5: HansSolo9876 folded before Flop (didn't bet)
Seat 6: wladi1986 collected (2520)
Seat 7: dasilv2609 folded before Flop (didn't bet)
Seat 8: Gabrielfs13 folded before Flop (didn't bet)



PokerStars Hand #257085209489: Tournament #3912600275, $4.80+$5.00+$1.20 USD Hold'em No Limit - Level XII (350/700) - 2025/07/25 14:51:04 BRT [2025/07/25 13:51:04 ET]
Table '3912600275 2' 8-max Seat #2 is the button
Seat 1: VintageBruce (8772 in chips, $5 bounty) 
Seat 2: ZMLucker (13092 in chips, $5 bounty) 
Seat 4: Effe192 (21615 in chips, $7.50 bounty) 
Seat 5: HansSolo9876 (10156 in chips, $12.50 bounty) 
Seat 6: wladi1986 (34683 in chips, $19.37 bounty) 
Seat 7: dasilv2609 (37258 in chips, $18.75 bounty) 
Seat 8: Gabrielfs13 (8452 in chips, $7.50 bounty) 
VintageBruce: posts the ante 110
ZMLucker: posts the ante 110
Effe192: posts the ante 110
HansSolo9876: posts the ante 110
wladi1986: posts the ante 110
dasilv2609: posts the ante 110
Gabrielfs13: posts the ante 110
Effe192: posts small blind 350
HansSolo9876: posts big blind 700
*** HOLE CARDS ***
Dealt to Gabrielfs13 [Ah Kd]
wladi1986: raises 700 to 1400
dasilv2609: folds 
Gabrielfs13: raises 6942 to 8342 and is all-in
VintageBruce: folds 
ZMLucker: folds 
Effe192: folds 
HansSolo9876: folds 
wladi1986: calls 6942
*** FLOP *** [3s 3c 7d]
*** TURN *** [3s 3c 7d] [Kh]
*** RIVER *** [3s 3c 7d Kh] [6d]
*** SHOW DOWN ***
wladi1986: shows [Tc Ac] (a pair of Threes)
Gabrielfs13: shows [Ah Kd] (two pair, Kings and Threes)
Gabrielfs13 collected 18504 from pot
*** SUMMARY ***
Total pot 18504 | Rake 0 
Board [3s 3c 7d Kh 6d]
Seat 1: VintageBruce folded before Flop (didn't bet)
Seat 2: ZMLucker (button) folded before Flop (didn't bet)
Seat 4: Effe192 (small blind) folded before Flop
Seat 5: HansSolo9876 (big blind) folded before Flop
Seat 6: wladi1986 showed [Tc Ac] and lost with a pair of Threes
Seat 7: dasilv2609 folded before Flop (didn't bet)
Seat 8: Gabrielfs13 showed [Ah Kd] and won (18504) with two pair, Kings and Threes



PokerStars Hand #257085216446: Tournament #3912600275, $4.80+$5.00+$1.20 USD Hold'em No Limit - Level XIII (400/800) - 2025/07/25 14:51:39 BRT [2025/07/25 13:51:39 ET]
Table '3912600275 2' 8-max Seat #4 is the button
Seat 1: VintageBruce (8662 in chips, $5 bounty) 
Seat 2: ZMLucker (12982 in chips, $5 bounty) 
Seat 4: Effe192 (21155 in chips, $7.50 bounty) 
Seat 5: HansSolo9876 (9346 in chips, $12.50 bounty) 
Seat 6: wladi1986 (26231 in chips, $19.37 bounty) 
Seat 7: dasilv2609 (37148 in chips, $18.75 bounty) 
Seat 8: Gabrielfs13 (18504 in chips, $7.50 bounty) 
VintageBruce: posts the ante 120
ZMLucker: posts the ante 120
Effe192: posts the ante 120
HansSolo9876: posts the ante 120
wladi1986: posts the ante 120
dasilv2609: posts the ante 120
Gabrielfs13: posts the ante 120
HansSolo9876: posts small blind 400
wladi1986: posts big blind 800
*** HOLE CARDS ***
Dealt to Gabrielfs13 [Ts 6h]
dasilv2609: folds 
Gabrielfs13: folds 
VintageBruce: folds 
ZMLucker: raises 800 to 1600
Effe192: folds 
HansSolo9876: folds 
wladi1986: calls 800
*** FLOP *** [Td Ks Jd]
wladi1986: checks 
ZMLucker: checks 
*** TURN *** [Td Ks Jd] [8d]
wladi1986: bets 1600
ZMLucker: calls 1600
*** RIVER *** [Td Ks Jd 8d] [3h]
wladi1986: bets 800
ZMLucker: calls 800
*** SHOW DOWN ***
wladi1986: shows [Kc 4d] (a pair of Kings)
ZMLucker: mucks hand 
wladi1986 collected 9240 from pot
*** SUMMARY ***
Total pot 9240 | Rake 0 
Board [Td Ks Jd 8d 3h]
Seat 1: VintageBruce folded before Flop (didn't bet)
Seat 2: ZMLucker mucked [Js 9s]
Seat 4: Effe192 (button) folded before Flop (didn't bet)
Seat 5: HansSolo9876 (small blind) folded before Flop
Seat 6: wladi1986 (big blind) showed [Kc 4d] and won (9240) with a pair of Kings
Seat 7: dasilv2609 folded before Flop (didn't bet)
Seat 8: Gabrielfs13 folded before Flop (didn't bet)



PokerStars Hand #257085231106: Tournament #3912600275, $4.80+$5.00+$1.20 USD Hold'em No Limit - Level XIII (400/800) - 2025/07/25 14:52:52 BRT [2025/07/25 13:52:52 ET]
Table '3912600275 2' 8-max Seat #5 is the button
Seat 1: VintageBruce (8542 in chips, $5 bounty) 
Seat 2: ZMLucker (8862 in chips, $5 bounty) 
Seat 4: Effe192 (21035 in chips, $7.50 bounty) 
Seat 5: HansSolo9876 (8826 in chips, $12.50 bounty) 
Seat 6: wladi1986 (31351 in chips, $19.37 bounty) 
Seat 7: dasilv2609 (37028 in chips, $18.75 bounty) 
Seat 8: Gabrielfs13 (18384 in chips, $7.50 bounty) 
VintageBruce: posts the ante 120
ZMLucker: posts the ante 120
Effe192: posts the ante 120
HansSolo9876: posts the ante 120
wladi1986: posts the ante 120
dasilv2609: posts the ante 120
Gabrielfs13: posts the ante 120
wladi1986: posts small blind 400
dasilv2609: posts big blind 800
*** HOLE CARDS ***
Dealt to Gabrielfs13 [Jh 8h]
Gabrielfs13: raises 800 to 1600
VintageBruce: folds 
ZMLucker: folds 
Effe192: folds 
HansSolo9876: folds 
wladi1986: raises 800 to 2400
dasilv2609: folds 
Gabrielfs13: calls 800
*** FLOP *** [2d 4s Ad]
wladi1986: bets 6440
Gabrielfs13: folds 
Uncalled bet (6440) returned to wladi1986
wladi1986 collected 6440 from pot
wladi1986: doesn't show hand 
*** SUMMARY ***
Total pot 6440 | Rake 0 
Board [2d 4s Ad]
Seat 1: VintageBruce folded before Flop (didn't bet)
Seat 2: ZMLucker folded before Flop (didn't bet)
Seat 4: Effe192 folded before Flop (didn't bet)
Seat 5: HansSolo9876 (button) folded before Flop (didn't bet)
Seat 6: wladi1986 (small blind) collected (6440)
Seat 7: dasilv2609 (big blind) folded before Flop
Seat 8: Gabrielfs13 folded on the Flop



PokerStars Hand #257085238513: Tournament #3912600275, $4.80+$5.00+$1.20 USD Hold'em No Limit - Level XIII (400/800) - 2025/07/25 14:53:30 BRT [2025/07/25 13:53:30 ET]
Table '3912600275 2' 8-max Seat #6 is the button
Seat 1: VintageBruce (8422 in chips, $5 bounty) 
Seat 2: ZMLucker (8742 in chips, $5 bounty) 
Seat 4: Effe192 (20915 in chips, $7.50 bounty) 
Seat 5: HansSolo9876 (8706 in chips, $12.50 bounty) 
Seat 6: wladi1986 (35271 in chips, $19.37 bounty) 
Seat 7: dasilv2609 (36108 in chips, $18.75 bounty) 
Seat 8: Gabrielfs13 (15864 in chips, $7.50 bounty) 
VintageBruce: posts the ante 120
ZMLucker: posts the ante 120
Effe192: posts the ante 120
HansSolo9876: posts the ante 120
wladi1986: posts the ante 120
dasilv2609: posts the ante 120
Gabrielfs13: posts the ante 120
dasilv2609: posts small blind 400
Gabrielfs13: posts big blind 800
*** HOLE CARDS ***
Dealt to Gabrielfs13 [Js Ah]
VintageBruce: folds 
ZMLucker: raises 7822 to 8622 and is all-in
Effe192: folds 
HansSolo9876: folds 
wladi1986: folds 
dasilv2609 has timed out
dasilv2609: folds 
dasilv2609 is sitting out
Gabrielfs13: calls 7822
*** FLOP *** [6s Qc 8s]
*** TURN *** [6s Qc 8s] [2c]
*** RIVER *** [6s Qc 8s 2c] [5c]
*** SHOW DOWN ***
Gabrielfs13: shows [Js Ah] (high card Ace)
ZMLucker: shows [9c 9h] (a pair of Nines)
ZMLucker collected 18484 from pot
*** SUMMARY ***
Total pot 18484 | Rake 0 
Board [6s Qc 8s 2c 5c]
Seat 1: VintageBruce folded before Flop (didn't bet)
Seat 2: ZMLucker showed [9c 9h] and won (18484) with a pair of Nines
Seat 4: Effe192 folded before Flop (didn't bet)
Seat 5: HansSolo9876 folded before Flop (didn't bet)
Seat 6: wladi1986 (button) folded before Flop (didn't bet)
Seat 7: dasilv2609 (small blind) folded before Flop
Seat 8: Gabrielfs13 (big blind) showed [Js Ah] and lost with high card Ace



PokerStars Hand #257085251465: Tournament #3912600275, $4.80+$5.00+$1.20 USD Hold'em No Limit - Level XIII (400/800) - 2025/07/25 14:54:35 BRT [2025/07/25 13:54:35 ET]
Table '3912600275 2' 8-max Seat #7 is the button
Seat 1: VintageBruce (8302 in chips, $5 bounty) 
Seat 2: ZMLucker (18484 in chips, $5 bounty) 
Seat 4: Effe192 (20795 in chips, $7.50 bounty) 
Seat 5: HansSolo9876 (8586 in chips, $12.50 bounty) 
Seat 6: wladi1986 (35151 in chips, $19.37 bounty) 
Seat 7: dasilv2609 (35588 in chips, $18.75 bounty) is sitting out
Seat 8: Gabrielfs13 (7122 in chips, $7.50 bounty) 
VintageBruce: posts the ante 120
ZMLucker: posts the ante 120
Effe192: posts the ante 120
HansSolo9876: posts the ante 120
wladi1986: posts the ante 120
dasilv2609: posts the ante 120
Gabrielfs13: posts the ante 120
Gabrielfs13: posts small blind 400
VintageBruce: posts big blind 800
*** HOLE CARDS ***
Dealt to Gabrielfs13 [2s Ts]
ZMLucker: folds 
Effe192: folds 
HansSolo9876: folds 
wladi1986: calls 800
dasilv2609: folds 
Gabrielfs13: calls 400
VintageBruce: checks 
*** FLOP *** [Qs Td 7h]
Gabrielfs13: checks 
VintageBruce: checks 
wladi1986: checks 
*** TURN *** [Qs Td 7h] [Kd]
Gabrielfs13: checks 
VintageBruce: checks 
wladi1986: checks 
*** RIVER *** [Qs Td 7h Kd] [8c]
Gabrielfs13: checks 
VintageBruce: checks 
wladi1986: bets 2400
Gabrielfs13: folds 
VintageBruce: folds 
Uncalled bet (2400) returned to wladi1986
wladi1986 collected 3240 from pot
wladi1986: doesn't show hand 
*** SUMMARY ***
Total pot 3240 | Rake 0 
Board [Qs Td 7h Kd 8c]
Seat 1: VintageBruce (big blind) folded on the River
Seat 2: ZMLucker folded before Flop (didn't bet)
Seat 4: Effe192 folded before Flop (didn't bet)
Seat 5: HansSolo9876 folded before Flop (didn't bet)
Seat 6: wladi1986 collected (3240)
Seat 7: dasilv2609 (button) folded before Flop (didn't bet)
Seat 8: Gabrielfs13 (small blind) folded on the River



PokerStars Hand #257085304646: Tournament #3912600275, $4.80+$5.00+$1.20 USD Hold'em No Limit - Level XIII (400/800) - 2025/07/25 15:00:37 BRT [2025/07/25 14:00:37 ET]
Table '3912600275 2' 8-max Seat #8 is the button
Seat 1: VintageBruce (7382 in chips, $5 bounty) 
Seat 2: ZMLucker (18364 in chips, $5 bounty) 
Seat 5: HansSolo9876 (8466 in chips, $12.50 bounty) 
Seat 6: wladi1986 (37471 in chips, $19.37 bounty) 
Seat 7: dasilv2609 (35468 in chips, $18.75 bounty) 
Seat 8: Gabrielfs13 (6202 in chips, $7.50 bounty) 
VintageBruce: posts the ante 120
ZMLucker: posts the ante 120
HansSolo9876: posts the ante 120
wladi1986: posts the ante 120
dasilv2609: posts the ante 120
Gabrielfs13: posts the ante 120
VintageBruce: posts small blind 400
ZMLucker: posts big blind 800
*** HOLE CARDS ***
Dealt to Gabrielfs13 [7s 9s]
HansSolo9876: folds 
wladi1986: raises 800 to 1600
dasilv2609: calls 1600
Gabrielfs13: folds 
VintageBruce: folds 
ZMLucker: raises 16644 to 18244 and is all-in
wladi1986: raises 16644 to 34888
dasilv2609: folds 
Uncalled bet (16644) returned to wladi1986
*** FLOP *** [4s 4c 9c]
*** TURN *** [4s 4c 9c] [9d]
*** RIVER *** [4s 4c 9c 9d] [6h]
*** SHOW DOWN ***
ZMLucker: shows [Ks Kd] (two pair, Kings and Nines)
wladi1986: shows [Ts Tc] (two pair, Tens and Nines)
ZMLucker collected 39208 from pot
*** SUMMARY ***
Total pot 39208 | Rake 0 
Board [4s 4c 9c 9d 6h]
Seat 1: VintageBruce (small blind) folded before Flop
Seat 2: ZMLucker (big blind) showed [Ks Kd] and won (39208) with two pair, Kings and Nines
Seat 5: HansSolo9876 folded before Flop (didn't bet)
Seat 6: wladi1986 showed [Ts Tc] and lost with two pair, Tens and Nines
Seat 7: dasilv2609 folded before Flop
Seat 8: Gabrielfs13 (button) folded before Flop (didn't bet)



PokerStars Hand #257085322156: Tournament #3912600275, $4.80+$5.00+$1.20 USD Hold'em No Limit - Level XIV (500/1000) - 2025/07/25 15:02:15 BRT [2025/07/25 14:02:15 ET]
Table '3912600275 2' 8-max Seat #1 is the button
Seat 1: VintageBruce (6862 in chips, $5 bounty) 
Seat 2: ZMLucker (39208 in chips, $5 bounty) 
Seat 5: HansSolo9876 (8346 in chips, $12.50 bounty) 
Seat 6: wladi1986 (19107 in chips, $19.37 bounty) 
Seat 7: dasilv2609 (33748 in chips, $18.75 bounty) 
Seat 8: Gabrielfs13 (6082 in chips, $7.50 bounty) 
VintageBruce: posts the ante 150
ZMLucker: posts the ante 150
HansSolo9876: posts the ante 150
wladi1986: posts the ante 150
dasilv2609: posts the ante 150
Gabrielfs13: posts the ante 150
ZMLucker: posts small blind 500
HansSolo9876: posts big blind 1000
*** HOLE CARDS ***
Dealt to Gabrielfs13 [Qc 6h]
wladi1986: raises 1000 to 2000
dasilv2609: folds 
Gabrielfs13: folds 
VintageBruce: folds 
ZMLucker: folds 
HansSolo9876: calls 1000
*** FLOP *** [8h 8s 7s]
HansSolo9876: bets 2000
wladi1986: raises 8000 to 10000
HansSolo9876: folds 
Uncalled bet (8000) returned to wladi1986
wladi1986 collected 9400 from pot
wladi1986: doesn't show hand 
*** SUMMARY ***
Total pot 9400 | Rake 0 
Board [8h 8s 7s]
Seat 1: VintageBruce (button) folded before Flop (didn't bet)
Seat 2: ZMLucker (small blind) folded before Flop
Seat 5: HansSolo9876 (big blind) folded on the Flop
Seat 6: wladi1986 collected (9400)
Seat 7: dasilv2609 folded before Flop (didn't bet)
Seat 8: Gabrielfs13 folded before Flop (didn't bet)



PokerStars Hand #257085329472: Tournament #3912600275, $4.80+$5.00+$1.20 USD Hold'em No Limit - Level XIV (500/1000) - 2025/07/25 15:02:54 BRT [2025/07/25 14:02:54 ET]
Table '3912600275 2' 8-max Seat #2 is the button
Seat 1: VintageBruce (6712 in chips, $5 bounty) 
Seat 2: ZMLucker (38558 in chips, $5 bounty) 
Seat 5: HansSolo9876 (4196 in chips, $12.50 bounty) 
Seat 6: wladi1986 (24357 in chips, $19.37 bounty) 
Seat 7: dasilv2609 (33598 in chips, $18.75 bounty) 
Seat 8: Gabrielfs13 (5932 in chips, $7.50 bounty) 
VintageBruce: posts the ante 150
ZMLucker: posts the ante 150
HansSolo9876: posts the ante 150
wladi1986: posts the ante 150
dasilv2609: posts the ante 150
Gabrielfs13: posts the ante 150
HansSolo9876: posts small blind 500
wladi1986: posts big blind 1000
*** HOLE CARDS ***
Dealt to Gabrielfs13 [7c 3h]
dasilv2609: folds 
Gabrielfs13: folds 
VintageBruce: folds 
ZMLucker: raises 1000 to 2000
HansSolo9876: folds 
wladi1986: calls 1000
*** FLOP *** [6c Kc Js]
wladi1986: checks 
ZMLucker: bets 1770
wladi1986: calls 1770
*** TURN *** [6c Kc Js] [2c]
wladi1986: checks 
ZMLucker: bets 4500
wladi1986: folds 
Uncalled bet (4500) returned to ZMLucker
ZMLucker collected 8940 from pot
ZMLucker: doesn't show hand 
*** SUMMARY ***
Total pot 8940 | Rake 0 
Board [6c Kc Js 2c]
Seat 1: VintageBruce folded before Flop (didn't bet)
Seat 2: ZMLucker (button) collected (8940)
Seat 5: HansSolo9876 (small blind) folded before Flop
Seat 6: wladi1986 (big blind) folded on the Turn
Seat 7: dasilv2609 folded before Flop (didn't bet)
Seat 8: Gabrielfs13 folded before Flop (didn't bet)



PokerStars Hand #257085342332: Tournament #3912600275, $4.80+$5.00+$1.20 USD Hold'em No Limit - Level XIV (500/1000) - 2025/07/25 15:03:59 BRT [2025/07/25 14:03:59 ET]
Table '3912600275 2' 8-max Seat #5 is the button
Seat 1: VintageBruce (6562 in chips, $5 bounty) 
Seat 2: ZMLucker (43578 in chips, $5 bounty) 
Seat 5: HansSolo9876 (3546 in chips, $12.50 bounty) 
Seat 6: wladi1986 (20437 in chips, $19.37 bounty) 
Seat 7: dasilv2609 (33448 in chips, $18.75 bounty) 
Seat 8: Gabrielfs13 (5782 in chips, $7.50 bounty) 
VintageBruce: posts the ante 150
ZMLucker: posts the ante 150
HansSolo9876: posts the ante 150
wladi1986: posts the ante 150
dasilv2609: posts the ante 150
Gabrielfs13: posts the ante 150
wladi1986: posts small blind 500
dasilv2609: posts big blind 1000
*** HOLE CARDS ***
Dealt to Gabrielfs13 [Qs Kd]
Gabrielfs13: raises 4632 to 5632 and is all-in
theristis88 is disconnected 
VintageBruce: raises 780 to 6412 and is all-in
ZMLucker: folds 
HansSolo9876: calls 3396 and is all-in
TSELEPI is disconnected 
wladi1986: raises 13875 to 20287 and is all-in
dasilv2609: folds 
Uncalled bet (13875) returned to wladi1986
*** FLOP *** [Jc 7d Ac]
*** TURN *** [Jc 7d Ac] [2h]
*** RIVER *** [Jc 7d Ac 2h] [Qh]
*** SHOW DOWN ***
wladi1986: shows [5d 5c] (a pair of Fives)
VintageBruce: shows [6d Ad] (a pair of Aces)
VintageBruce collected 1560 from side pot-2 
Gabrielfs13: shows [Qs Kd] (a pair of Queens)
VintageBruce collected 6708 from side pot-1 
HansSolo9876: shows [Qc Jd] (two pair, Queens and Jacks)
HansSolo9876 collected 15484 from main pot
VintageBruce wins $3.75 for eliminating Gabrielfs13 and their own bounty increases by $3.75 to $8.75
Gabrielfs13 finished the tournament in 16th place
*** SUMMARY ***
Total pot 23752 Main pot 15484. Side pot-1 6708. Side pot-2 1560. | Rake 0 
Board [Jc 7d Ac 2h Qh]
Seat 1: VintageBruce showed [6d Ad] and won (8268) with a pair of Aces
Seat 2: ZMLucker folded before Flop (didn't bet)
Seat 5: HansSolo9876 (button) showed [Qc Jd] and won (15484) with two pair, Queens and Jacks
Seat 6: wladi1986 (small blind) showed [5d 5c] and lost with a pair of Fives
Seat 7: dasilv2609 (big blind) folded before Flop
Seat 8: Gabrielfs13 showed [Qs Kd] and lost with a pair of Queens



