PokerStars Hand #257059777314: Tournament #3910306854, $4.80+$5.00+$1.20 USD Hold'em No Limit - Level II (20/40) - 2025/07/23 14:24:04 BRT [2025/07/23 13:24:04 ET]
Table '3910306854 38' 8-max Seat #2 is the button
Seat 1: Gianiaki (2227 in chips, $5 bounty) 
Seat 2: auteriM (6268 in chips, $5 bounty) 
Seat 3: kostas7s (4989 in chips, $5 bounty) 
Seat 4: Dr.Mark777 (2869 in chips, $5 bounty) 
Seat 5: dxndxn (6886 in chips, $5 bounty) 
Seat 6: Szabimester (5000 in chips, $5 bounty) 
Seat 7: osterejen (4995 in chips, $5 bounty) 
Seat 8: Gabrielfs13 (5000 in chips, $5 bounty) 
Gianiaki: posts the ante 5
auteriM: posts the ante 5
kostas7s: posts the ante 5
Dr.Mark777: posts the ante 5
dxndxn: posts the ante 5
Szabimester: posts the ante 5
osterejen: posts the ante 5
Gabrielfs13: posts the ante 5
kostas7s: posts small blind 20
Dr.Mark777: posts big blind 40
*** HOLE CARDS ***
Dealt to Gabrielfs13 [Ks 8d]
dxndxn: folds 
Szabimester: raises 80 to 120
osterejen: folds 
Gabrielfs13: folds 
Gianiaki: folds 
auteriM: folds 
kostas7s: calls 100
Dr.Mark777: folds 
*** FLOP *** [Jc 8h Js]
kostas7s: bets 40
Szabimester: calls 40
*** TURN *** [Jc 8h Js] [9c]
kostas7s: bets 40
Szabimester: raises 240 to 280
kostas7s: folds 
Uncalled bet (240) returned to Szabimester
Szabimester collected 480 from pot
Szabimester: doesn't show hand 
*** SUMMARY ***
Total pot 480 | Rake 0 
Board [Jc 8h Js 9c]
Seat 1: Gianiaki folded before Flop (didn't bet)
Seat 2: auteriM (button) folded before Flop (didn't bet)
Seat 3: kostas7s (small blind) folded on the Turn
Seat 4: Dr.Mark777 (big blind) folded before Flop
Seat 5: dxndxn folded before Flop (didn't bet)
Seat 6: Szabimester collected (480)
Seat 7: osterejen folded before Flop (didn't bet)
Seat 8: Gabrielfs13 folded before Flop (didn't bet)



PokerStars Hand #257059789138: Tournament #3910306854, $4.80+$5.00+$1.20 USD Hold'em No Limit - Level III (25/50) - 2025/07/23 14:25:04 BRT [2025/07/23 13:25:04 ET]
Table '3910306854 38' 8-max Seat #3 is the button
Seat 1: Gianiaki (2222 in chips, $5 bounty) 
Seat 2: auteriM (6263 in chips, $5 bounty) 
Seat 3: kostas7s (4784 in chips, $5 bounty) 
Seat 4: Dr.Mark777 (2824 in chips, $5 bounty) 
Seat 5: dxndxn (6881 in chips, $5 bounty) 
Seat 6: Szabimester (5275 in chips, $5 bounty) 
Seat 7: osterejen (4990 in chips, $5 bounty) 
Seat 8: Gabrielfs13 (4995 in chips, $5 bounty) 
Gianiaki: posts the ante 6
auteriM: posts the ante 6
kostas7s: posts the ante 6
Dr.Mark777: posts the ante 6
dxndxn: posts the ante 6
Szabimester: posts the ante 6
osterejen: posts the ante 6
Gabrielfs13: posts the ante 6
Dr.Mark777: posts small blind 25
dxndxn: posts big blind 50
*** HOLE CARDS ***
Dealt to Gabrielfs13 [2s As]
Szabimester: folds 
osterejen: folds 
Gabrielfs13: raises 50 to 100
Gianiaki: folds 
auteriM: folds 
kostas7s: folds 
Dr.Mark777: calls 75
dxndxn: folds 
*** FLOP *** [9d Jh 6c]
Dr.Mark777: checks 
Gabrielfs13: bets 98
Dr.Mark777: raises 247 to 345
Gabrielfs13: raises 680 to 1025
Dr.Mark777: folds 
Uncalled bet (680) returned to Gabrielfs13
Gabrielfs13 collected 988 from pot
Gabrielfs13: doesn't show hand 
*** SUMMARY ***
Total pot 988 | Rake 0 
Board [9d Jh 6c]
Seat 1: Gianiaki folded before Flop (didn't bet)
Seat 2: auteriM folded before Flop (didn't bet)
Seat 3: kostas7s (button) folded before Flop (didn't bet)
Seat 4: Dr.Mark777 (small blind) folded on the Flop
Seat 5: dxndxn (big blind) folded before Flop
Seat 6: Szabimester folded before Flop (didn't bet)
Seat 7: osterejen folded before Flop (didn't bet)
Seat 8: Gabrielfs13 collected (988)



PokerStars Hand #257059799924: Tournament #3910306854, $4.80+$5.00+$1.20 USD Hold'em No Limit - Level III (25/50) - 2025/07/23 14:25:59 BRT [2025/07/23 13:25:59 ET]
Table '3910306854 38' 8-max Seat #4 is the button
Seat 1: Gianiaki (2216 in chips, $5 bounty) 
Seat 2: auteriM (6257 in chips, $5 bounty) 
Seat 3: kostas7s (4778 in chips, $5 bounty) 
Seat 4: Dr.Mark777 (2373 in chips, $5 bounty) 
Seat 5: dxndxn (6825 in chips, $5 bounty) 
Seat 7: osterejen (4984 in chips, $5 bounty) 
Seat 8: Gabrielfs13 (5532 in chips, $5 bounty) 
Gianiaki: posts the ante 6
auteriM: posts the ante 6
kostas7s: posts the ante 6
Dr.Mark777: posts the ante 6
dxndxn: posts the ante 6
osterejen: posts the ante 6
Gabrielfs13: posts the ante 6
dxndxn: posts small blind 25
osterejen: posts big blind 50
*** HOLE CARDS ***
Dealt to Gabrielfs13 [9s 2h]
Gabrielfs13: folds 
Gianiaki: raises 100 to 150
auteriM: calls 150
kostas7s: calls 150
Dr.Mark777: calls 150
dxndxn: raises 750 to 900
osterejen: raises 4078 to 4978 and is all-in
AbulFadl is disconnected 
Gianiaki: folds 
auteriM: folds 
kostas7s: calls 4622 and is all-in
Dr.Mark777: folds 
dxndxn: calls 4078
*** FLOP *** [Tc Kc 5d]
*** TURN *** [Tc Kc 5d] [Qs]
*** RIVER *** [Tc Kc 5d Qs] [Ts]
*** SHOW DOWN ***
dxndxn: shows [Ah Qc] (two pair, Queens and Tens)
osterejen: shows [6c 6h] (two pair, Tens and Sixes)
dxndxn collected 412 from side pot
kostas7s: shows [Jh 5h] (two pair, Tens and Fives)
dxndxn collected 14808 from main pot
dxndxn wins $2.50 for eliminating kostas7s and their own bounty increases by $2.50 to $7.50
dxndxn wins $2.50 for eliminating osterejen and their own bounty increases by $2.50 to $10
osterejen finished the tournament
kostas7s finished the tournament
kinez7 is disconnected 
*** SUMMARY ***
Total pot 15220 Main pot 14808. Side pot 412. | Rake 0 
Board [Tc Kc 5d Qs Ts]
Seat 1: Gianiaki folded before Flop
Seat 2: auteriM folded before Flop
Seat 3: kostas7s showed [Jh 5h] and lost with two pair, Tens and Fives
Seat 4: Dr.Mark777 (button) folded before Flop
Seat 5: dxndxn (small blind) showed [Ah Qc] and won (15220) with two pair, Queens and Tens
Seat 7: osterejen (big blind) showed [6c 6h] and lost with two pair, Tens and Sixes
Seat 8: Gabrielfs13 folded before Flop (didn't bet)



PokerStars Hand #257059816510: Tournament #3910306854, $4.80+$5.00+$1.20 USD Hold'em No Limit - Level III (25/50) - 2025/07/23 14:27:24 BRT [2025/07/23 13:27:24 ET]
Table '3910306854 38' 8-max Seat #5 is the button
Seat 1: Gianiaki (2060 in chips, $5 bounty) 
Seat 2: auteriM (6101 in chips, $5 bounty) 
Seat 3: kinez7 (4989 in chips, $5 bounty) 
Seat 4: Dr.Mark777 (2217 in chips, $5 bounty) 
Seat 5: dxndxn (17061 in chips, $10 bounty) 
Seat 6: AbulFadl (5000 in chips) out of hand (moved from another table into small blind)
Seat 7: moglie81 (5000 in chips) out of hand (moved from another table into small blind)
Seat 8: Gabrielfs13 (5526 in chips, $5 bounty) 
AbulFadl will be allowed to play after the button
moglie81 will be allowed to play after the button
Gianiaki: posts the ante 6
auteriM: posts the ante 6
kinez7: posts the ante 6
Dr.Mark777: posts the ante 6
dxndxn: posts the ante 6
Gabrielfs13: posts the ante 6
Gabrielfs13: posts small blind 25
Gianiaki: posts big blind 50
*** HOLE CARDS ***
Dealt to Gabrielfs13 [Kd 7d]
moglie81 is disconnected 
auteriM: raises 75 to 125
kinez7: calls 125
Dr.Mark777: folds 
dxndxn: folds 
Gabrielfs13: calls 100
Gianiaki: raises 450 to 575
auteriM: folds 
kinez7: calls 450
Gabrielfs13: calls 450
*** FLOP *** [4c 8s 2s]
Gabrielfs13: checks 
Gianiaki: bets 1479 and is all-in
kinez7: calls 1479
Gabrielfs13: folds 
*** TURN *** [4c 8s 2s] [Ac]
*** RIVER *** [4c 8s 2s Ac] [Qh]
*** SHOW DOWN ***
Gianiaki: shows [As 9s] (a pair of Aces)
kinez7: shows [Th Td] (a pair of Tens)
Gianiaki collected 4844 from pot
*** SUMMARY ***
Total pot 4844 | Rake 0 
Board [4c 8s 2s Ac Qh]
Seat 1: Gianiaki (big blind) showed [As 9s] and won (4844) with a pair of Aces
Seat 2: auteriM folded before Flop
Seat 3: kinez7 showed [Th Td] and lost with a pair of Tens
Seat 4: Dr.Mark777 folded before Flop (didn't bet)
Seat 5: dxndxn (button) folded before Flop (didn't bet)
Seat 8: Gabrielfs13 (small blind) folded on the Flop



PokerStars Hand #257059828543: Tournament #3910306854, $4.80+$5.00+$1.20 USD Hold'em No Limit - Level III (25/50) - 2025/07/23 14:28:27 BRT [2025/07/23 13:28:27 ET]
Table '3910306854 38' 8-max Seat #8 is the button
Seat 1: Gianiaki (4844 in chips, $5 bounty) 
Seat 2: auteriM (5970 in chips, $5 bounty) 
Seat 3: kinez7 (2929 in chips, $5 bounty) 
Seat 4: Dr.Mark777 (2211 in chips, $5 bounty) 
Seat 5: dxndxn (17055 in chips, $10 bounty) 
Seat 6: AbulFadl (5000 in chips, $5 bounty) 
Seat 7: moglie81 (5000 in chips, $5 bounty) 
Seat 8: Gabrielfs13 (4945 in chips, $5 bounty) 
Gianiaki: posts the ante 6
auteriM: posts the ante 6
kinez7: posts the ante 6
Dr.Mark777: posts the ante 6
dxndxn: posts the ante 6
AbulFadl: posts the ante 6
moglie81: posts the ante 6
Gabrielfs13: posts the ante 6
Gianiaki: posts small blind 25
auteriM: posts big blind 50
*** HOLE CARDS ***
Dealt to Gabrielfs13 [Td 3d]
kinez7: folds 
Dr.Mark777: folds 
dxndxn: raises 75 to 125
AbulFadl: folds 
moglie81: folds 
Gabrielfs13: folds 
Gianiaki: folds 
auteriM: folds 
Uncalled bet (75) returned to dxndxn
dxndxn collected 173 from pot
dxndxn: doesn't show hand 
*** SUMMARY ***
Total pot 173 | Rake 0 
Seat 1: Gianiaki (small blind) folded before Flop
Seat 2: auteriM (big blind) folded before Flop
Seat 3: kinez7 folded before Flop (didn't bet)
Seat 4: Dr.Mark777 folded before Flop (didn't bet)
Seat 5: dxndxn collected (173)
Seat 6: AbulFadl folded before Flop (didn't bet)
Seat 7: moglie81 folded before Flop (didn't bet)
Seat 8: Gabrielfs13 (button) folded before Flop (didn't bet)



PokerStars Hand #257059834997: Tournament #3910306854, $4.80+$5.00+$1.20 USD Hold'em No Limit - Level III (25/50) - 2025/07/23 14:29:01 BRT [2025/07/23 13:29:01 ET]
Table '3910306854 38' 8-max Seat #1 is the button
Seat 1: Gianiaki (4813 in chips, $5 bounty) 
Seat 2: auteriM (5914 in chips, $5 bounty) 
Seat 4: Dr.Mark777 (2205 in chips, $5 bounty) 
Seat 5: dxndxn (17172 in chips, $10 bounty) 
Seat 6: AbulFadl (4994 in chips, $5 bounty) 
Seat 7: moglie81 (4994 in chips, $5 bounty) 
Seat 8: Gabrielfs13 (4939 in chips, $5 bounty) 
Gianiaki: posts the ante 6
auteriM: posts the ante 6
Dr.Mark777: posts the ante 6
dxndxn: posts the ante 6
AbulFadl: posts the ante 6
moglie81: posts the ante 6
Gabrielfs13: posts the ante 6
auteriM: posts small blind 25
Dr.Mark777: posts big blind 50
*** HOLE CARDS ***
Dealt to Gabrielfs13 [4s 6c]
dxndxn: folds 
AbulFadl: folds 
moglie81: folds 
Gabrielfs13: folds 
Gianiaki: raises 100 to 150
auteriM: raises 400 to 550
Dr.Mark777: folds 
Gianiaki: calls 400
*** FLOP *** [7s 6h 5d]
auteriM: bets 298
Gianiaki: raises 519 to 817
auteriM: folds 
Uncalled bet (519) returned to Gianiaki
Gianiaki collected 1788 from pot
Gianiaki: doesn't show hand 
*** SUMMARY ***
Total pot 1788 | Rake 0 
Board [7s 6h 5d]
Seat 1: Gianiaki (button) collected (1788)
Seat 2: auteriM (small blind) folded on the Flop
Seat 4: Dr.Mark777 (big blind) folded before Flop
Seat 5: dxndxn folded before Flop (didn't bet)
Seat 6: AbulFadl folded before Flop (didn't bet)
Seat 7: moglie81 folded before Flop (didn't bet)
Seat 8: Gabrielfs13 folded before Flop (didn't bet)



PokerStars Hand #257059850411: Tournament #3910306854, $4.80+$5.00+$1.20 USD Hold'em No Limit - Level IV (30/60) - 2025/07/23 14:30:19 BRT [2025/07/23 13:30:19 ET]
Table '3910306854 38' 8-max Seat #2 is the button
Seat 1: Gianiaki (5747 in chips, $5 bounty) 
Seat 2: auteriM (5060 in chips, $5 bounty) 
Seat 3: COYI555 (5000 in chips) out of hand (moved from another table into small blind)
Seat 4: Dr.Mark777 (2149 in chips, $5 bounty) 
Seat 5: dxndxn (17166 in chips, $10 bounty) 
Seat 6: AbulFadl (4988 in chips, $5 bounty) 
Seat 7: moglie81 (4988 in chips, $5 bounty) 
Seat 8: Gabrielfs13 (4933 in chips, $5 bounty) 
COYI555 will be allowed to play after the button
Gianiaki: posts the ante 8
auteriM: posts the ante 8
Dr.Mark777: posts the ante 8
dxndxn: posts the ante 8
AbulFadl: posts the ante 8
moglie81: posts the ante 8
Gabrielfs13: posts the ante 8
Dr.Mark777: posts small blind 30
dxndxn: posts big blind 60
*** HOLE CARDS ***
Dealt to Gabrielfs13 [4s 5d]
AbulFadl: folds 
moglie81: folds 
Gabrielfs13: folds 
Gianiaki: folds 
auteriM: folds 
Dr.Mark777: raises 60 to 120
dxndxn: folds 
Uncalled bet (60) returned to Dr.Mark777
Dr.Mark777 collected 176 from pot
*** SUMMARY ***
Total pot 176 | Rake 0 
Seat 1: Gianiaki folded before Flop (didn't bet)
Seat 2: auteriM (button) folded before Flop (didn't bet)
Seat 4: Dr.Mark777 (small blind) collected (176)
Seat 5: dxndxn (big blind) folded before Flop
Seat 6: AbulFadl folded before Flop (didn't bet)
Seat 7: moglie81 folded before Flop (didn't bet)
Seat 8: Gabrielfs13 folded before Flop (didn't bet)



PokerStars Hand #257059863032: Tournament #3910306854, $4.80+$5.00+$1.20 USD Hold'em No Limit - Level IV (30/60) - 2025/07/23 14:31:23 BRT [2025/07/23 13:31:23 ET]
Table '3910306854 38' 8-max Seat #4 is the button
Seat 1: Gianiaki (5739 in chips, $5 bounty) 
Seat 2: auteriM (5052 in chips, $5 bounty) 
Seat 3: COYI555 (5000 in chips, $5 bounty) 
Seat 4: Dr.Mark777 (2257 in chips, $5 bounty) 
Seat 5: dxndxn (17098 in chips, $10 bounty) 
Seat 6: AbulFadl (4980 in chips, $5 bounty) 
Seat 7: moglie81 (4980 in chips, $5 bounty) 
Seat 8: Gabrielfs13 (4925 in chips, $5 bounty) 
Gianiaki: posts the ante 8
auteriM: posts the ante 8
COYI555: posts the ante 8
Dr.Mark777: posts the ante 8
dxndxn: posts the ante 8
AbulFadl: posts the ante 8
moglie81: posts the ante 8
Gabrielfs13: posts the ante 8
dxndxn: posts small blind 30
AbulFadl: posts big blind 60
*** HOLE CARDS ***
Dealt to Gabrielfs13 [Qh 6d]
moglie81: folds 
Gabrielfs13: folds 
Gianiaki: raises 120 to 180
auteriM: folds 
COYI555: folds 
Dr.Mark777: calls 180
dxndxn: folds 
AbulFadl: calls 120
*** FLOP *** [3c Ah 2d]
AbulFadl: checks 
Gianiaki: bets 184
Dr.Mark777: calls 184
AbulFadl: folds 
*** TURN *** [3c Ah 2d] [Th]
Gianiaki: bets 691
Dr.Mark777: folds 
Uncalled bet (691) returned to Gianiaki
Gianiaki collected 1002 from pot
Gianiaki: doesn't show hand 
*** SUMMARY ***
Total pot 1002 | Rake 0 
Board [3c Ah 2d Th]
Seat 1: Gianiaki collected (1002)
Seat 2: auteriM folded before Flop (didn't bet)
Seat 3: COYI555 folded before Flop (didn't bet)
Seat 4: Dr.Mark777 (button) folded on the Turn
Seat 5: dxndxn (small blind) folded before Flop
Seat 6: AbulFadl (big blind) folded on the Flop
Seat 7: moglie81 folded before Flop (didn't bet)
Seat 8: Gabrielfs13 folded before Flop (didn't bet)



PokerStars Hand #257059881084: Tournament #3910306854, $4.80+$5.00+$1.20 USD Hold'em No Limit - Level IV (30/60) - 2025/07/23 14:32:52 BRT [2025/07/23 13:32:52 ET]
Table '3910306854 38' 8-max Seat #5 is the button
Seat 1: Gianiaki (6369 in chips, $5 bounty) 
Seat 2: auteriM (5044 in chips, $5 bounty) 
Seat 3: COYI555 (4992 in chips, $5 bounty) 
Seat 4: Dr.Mark777 (1885 in chips, $5 bounty) 
Seat 5: dxndxn (17060 in chips, $10 bounty) 
Seat 6: AbulFadl (4792 in chips, $5 bounty) 
Seat 7: moglie81 (4972 in chips, $5 bounty) 
Seat 8: Gabrielfs13 (4917 in chips, $5 bounty) 
Gianiaki: posts the ante 8
auteriM: posts the ante 8
COYI555: posts the ante 8
Dr.Mark777: posts the ante 8
dxndxn: posts the ante 8
AbulFadl: posts the ante 8
moglie81: posts the ante 8
Gabrielfs13: posts the ante 8
AbulFadl: posts small blind 30
moglie81: posts big blind 60
*** HOLE CARDS ***
Dealt to Gabrielfs13 [Qc 3s]
Gabrielfs13: folds 
Gianiaki: raises 120 to 180
auteriM: raises 420 to 600
COYI555: folds 
Dr.Mark777: folds 
dxndxn: folds 
AbulFadl: folds 
moglie81: folds 
Gianiaki: folds 
Uncalled bet (420) returned to auteriM
auteriM collected 514 from pot
*** SUMMARY ***
Total pot 514 | Rake 0 
Seat 1: Gianiaki folded before Flop
Seat 2: auteriM collected (514)
Seat 3: COYI555 folded before Flop (didn't bet)
Seat 4: Dr.Mark777 folded before Flop (didn't bet)
Seat 5: dxndxn (button) folded before Flop (didn't bet)
Seat 6: AbulFadl (small blind) folded before Flop
Seat 7: moglie81 (big blind) folded before Flop
Seat 8: Gabrielfs13 folded before Flop (didn't bet)



PokerStars Hand #257059888967: Tournament #3910306854, $4.80+$5.00+$1.20 USD Hold'em No Limit - Level IV (30/60) - 2025/07/23 14:33:31 BRT [2025/07/23 13:33:31 ET]
Table '3910306854 51' 8-max Seat #1 is the button
Seat 1: Mariana Caet (3579 in chips, $5 bounty) 
Seat 2: Gabrielfs13 (4909 in chips, $5 bounty) 
Seat 3: Millhouse4 (6189 in chips, $5 bounty) 
Seat 4: Hadajktosom (4026 in chips, $5 bounty) 
Seat 6: TheBearHoney (5000 in chips, $5 bounty) 
Mariana Caet: posts the ante 8
Gabrielfs13: posts the ante 8
Millhouse4: posts the ante 8
Hadajktosom: posts the ante 8
TheBearHoney: posts the ante 8
Gabrielfs13: posts small blind 30
Millhouse4: posts big blind 60
*** HOLE CARDS ***
Dealt to Gabrielfs13 [2c Ks]
Hadajktosom is disconnected 
Bee Larus is disconnected 
Hadajktosom is connected 
paulinhom688 is disconnected 
Hadajktosom: folds 
TheBearHoney: folds 
Mariana Caet: raises 60 to 120
Gabrielfs13: folds 
Millhouse4: folds 
Uncalled bet (60) returned to Mariana Caet
Mariana Caet collected 190 from pot
*** SUMMARY ***
Total pot 190 | Rake 0 
Seat 1: Mariana Caet (button) collected (190)
Seat 2: Gabrielfs13 (small blind) folded before Flop
Seat 3: Millhouse4 (big blind) folded before Flop
Seat 4: Hadajktosom folded before Flop (didn't bet)
Seat 6: TheBearHoney folded before Flop (didn't bet)



PokerStars Hand #257059893267: Tournament #3910306854, $4.80+$5.00+$1.20 USD Hold'em No Limit - Level IV (30/60) - 2025/07/23 14:33:52 BRT [2025/07/23 13:33:52 ET]
Table '3910306854 51' 8-max Seat #2 is the button
Seat 1: Mariana Caet (3701 in chips, $5 bounty) 
Seat 2: Gabrielfs13 (4871 in chips, $5 bounty) 
Seat 3: Millhouse4 (6121 in chips, $5 bounty) 
Seat 4: Hadajktosom (4018 in chips, $5 bounty) 
Seat 5: Bee Larus (4208 in chips, $5 bounty) 
Seat 6: TheBearHoney (4992 in chips, $5 bounty) 
Seat 7: paulinhom688 (4873 in chips, $5 bounty) 
Mariana Caet: posts the ante 8
Gabrielfs13: posts the ante 8
Millhouse4: posts the ante 8
Hadajktosom: posts the ante 8
Bee Larus: posts the ante 8
TheBearHoney: posts the ante 8
paulinhom688: posts the ante 8
Millhouse4: posts small blind 30
Hadajktosom: posts big blind 60
*** HOLE CARDS ***
Dealt to Gabrielfs13 [Qd Qc]
Bee Larus: folds 
TheBearHoney: folds 
paulinhom688: folds 
Mariana Caet: raises 60 to 120
Gabrielfs13: raises 270 to 390
Millhouse4: folds 
Hadajktosom: folds 
Mariana Caet: raises 750 to 1140
Gabrielfs13: raises 3723 to 4863 and is all-in
Mariana Caet: folds 
Uncalled bet (3723) returned to Gabrielfs13
Gabrielfs13 collected 2426 from pot
Gabrielfs13: doesn't show hand 
*** SUMMARY ***
Total pot 2426 | Rake 0 
Seat 1: Mariana Caet folded before Flop
Seat 2: Gabrielfs13 (button) collected (2426)
Seat 3: Millhouse4 (small blind) folded before Flop
Seat 4: Hadajktosom (big blind) folded before Flop
Seat 5: Bee Larus folded before Flop (didn't bet)
Seat 6: TheBearHoney folded before Flop (didn't bet)
Seat 7: paulinhom688 folded before Flop (didn't bet)



PokerStars Hand #257059900426: Tournament #3910306854, $4.80+$5.00+$1.20 USD Hold'em No Limit - Level IV (30/60) - 2025/07/23 14:34:28 BRT [2025/07/23 13:34:28 ET]
Table '3910306854 51' 8-max Seat #3 is the button
Seat 1: Mariana Caet (2553 in chips, $5 bounty) 
Seat 2: Gabrielfs13 (6149 in chips, $5 bounty) 
Seat 3: Millhouse4 (6083 in chips, $5 bounty) 
Seat 4: Hadajktosom (3950 in chips, $5 bounty) 
Seat 5: Bee Larus (4200 in chips, $5 bounty) 
Seat 6: TheBearHoney (4984 in chips, $5 bounty) 
Seat 7: paulinhom688 (4865 in chips, $5 bounty) 
Seat 8: LeCockaroacha (5000 in chips, $5 bounty) 
Mariana Caet: posts the ante 8
Gabrielfs13: posts the ante 8
Millhouse4: posts the ante 8
Hadajktosom: posts the ante 8
Bee Larus: posts the ante 8
TheBearHoney: posts the ante 8
paulinhom688: posts the ante 8
LeCockaroacha: posts the ante 8
Hadajktosom: posts small blind 30
Bee Larus: posts big blind 60
*** HOLE CARDS ***
Dealt to Gabrielfs13 [4s Jh]
LeCockaroacha is disconnected 
TheBearHoney: folds 
paulinhom688: raises 60 to 120
LeCockaroacha: folds 
Mariana Caet: folds 
Gabrielfs13: folds 
Millhouse4: folds 
Hadajktosom: folds 
Bee Larus: calls 60
*** FLOP *** [Kc 6s 9h]
Bee Larus: checks 
paulinhom688: bets 110
Bee Larus: calls 110
*** TURN *** [Kc 6s 9h] [9c]
Bee Larus: bets 277
paulinhom688: folds 
Uncalled bet (277) returned to Bee Larus
Bee Larus collected 554 from pot
Bee Larus: doesn't show hand 
*** SUMMARY ***
Total pot 554 | Rake 0 
Board [Kc 6s 9h 9c]
Seat 1: Mariana Caet folded before Flop (didn't bet)
Seat 2: Gabrielfs13 folded before Flop (didn't bet)
Seat 3: Millhouse4 (button) folded before Flop (didn't bet)
Seat 4: Hadajktosom (small blind) folded before Flop
Seat 5: Bee Larus (big blind) collected (554)
Seat 6: TheBearHoney folded before Flop (didn't bet)
Seat 7: paulinhom688 folded on the Turn
Seat 8: LeCockaroacha folded before Flop (didn't bet)



PokerStars Hand #257059912328: Tournament #3910306854, $4.80+$5.00+$1.20 USD Hold'em No Limit - Level V (40/80) - 2025/07/23 14:35:26 BRT [2025/07/23 13:35:26 ET]
Table '3910306854 51' 8-max Seat #4 is the button
Seat 1: Mariana Caet (2545 in chips, $5 bounty) 
Seat 2: Gabrielfs13 (6141 in chips, $5 bounty) 
Seat 3: Millhouse4 (6075 in chips, $5 bounty) 
Seat 4: Hadajktosom (3912 in chips, $5 bounty) 
Seat 5: Bee Larus (4516 in chips, $5 bounty) 
Seat 6: TheBearHoney (4976 in chips, $5 bounty) 
Seat 7: paulinhom688 (4627 in chips, $5 bounty) 
Seat 8: LeCockaroacha (4992 in chips, $5 bounty) 
Mariana Caet: posts the ante 10
Gabrielfs13: posts the ante 10
Millhouse4: posts the ante 10
Hadajktosom: posts the ante 10
Bee Larus: posts the ante 10
TheBearHoney: posts the ante 10
paulinhom688: posts the ante 10
LeCockaroacha: posts the ante 10
Bee Larus: posts small blind 40
TheBearHoney: posts big blind 80
*** HOLE CARDS ***
Dealt to Gabrielfs13 [8d 7s]
paulinhom688: raises 80 to 160
LeCockaroacha: folds 
Mariana Caet: raises 2375 to 2535 and is all-in
Gabrielfs13: folds 
Millhouse4: folds 
Hadajktosom: raises 1367 to 3902 and is all-in
Bee Larus: folds 
TheBearHoney: folds 
paulinhom688: folds 
Uncalled bet (1367) returned to Hadajktosom
*** FLOP *** [Kc 2h Jd]
*** TURN *** [Kc 2h Jd] [9c]
*** RIVER *** [Kc 2h Jd 9c] [Qc]
*** SHOW DOWN ***
Mariana Caet: shows [Qd Kd] (two pair, Kings and Queens)
Hadajktosom: shows [Tc Td] (a straight, Nine to King)
Hadajktosom collected 5430 from pot
Hadajktosom wins $2.50 for eliminating Mariana Caet and their own bounty increases by $2.50 to $7.50
Mariana Caet finished the tournament
*** SUMMARY ***
Total pot 5430 | Rake 0 
Board [Kc 2h Jd 9c Qc]
Seat 1: Mariana Caet showed [Qd Kd] and lost with two pair, Kings and Queens
Seat 2: Gabrielfs13 folded before Flop (didn't bet)
Seat 3: Millhouse4 folded before Flop (didn't bet)
Seat 4: Hadajktosom (button) showed [Tc Td] and won (5430) with a straight, Nine to King
Seat 5: Bee Larus (small blind) folded before Flop
Seat 6: TheBearHoney (big blind) folded before Flop
Seat 7: paulinhom688 folded before Flop
Seat 8: LeCockaroacha folded before Flop (didn't bet)



PokerStars Hand #257059920256: Tournament #3910306854, $4.80+$5.00+$1.20 USD Hold'em No Limit - Level V (40/80) - 2025/07/23 14:36:05 BRT [2025/07/23 13:36:05 ET]
Table '3910306854 51' 8-max Seat #5 is the button
Seat 2: Gabrielfs13 (6131 in chips, $5 bounty) 
Seat 3: Millhouse4 (6065 in chips, $5 bounty) 
Seat 4: Hadajktosom (6797 in chips, $7.50 bounty) 
Seat 5: Bee Larus (4466 in chips, $5 bounty) 
Seat 6: TheBearHoney (4886 in chips, $5 bounty) 
Seat 8: LeCockaroacha (4982 in chips, $5 bounty) 
Gabrielfs13: posts the ante 10
Millhouse4: posts the ante 10
Hadajktosom: posts the ante 10
Bee Larus: posts the ante 10
TheBearHoney: posts the ante 10
LeCockaroacha: posts the ante 10
TheBearHoney: posts small blind 40
LeCockaroacha: posts big blind 80
*** HOLE CARDS ***
Dealt to Gabrielfs13 [8h 9h]
Jhuda33Poque is disconnected 
Gabrielfs13: raises 80 to 160
Mariana Caet is disconnected 
Millhouse4: raises 5895 to 6055 and is all-in
Hadajktosom: folds 
Bee Larus: folds 
TheBearHoney: folds 
LeCockaroacha: folds 
Gabrielfs13: folds 
Uncalled bet (5895) returned to Millhouse4
Millhouse4 collected 500 from pot
Millhouse4: doesn't show hand 
*** SUMMARY ***
Total pot 500 | Rake 0 
Seat 2: Gabrielfs13 folded before Flop
Seat 3: Millhouse4 collected (500)
Seat 4: Hadajktosom folded before Flop (didn't bet)
Seat 5: Bee Larus (button) folded before Flop (didn't bet)
Seat 6: TheBearHoney (small blind) folded before Flop
Seat 8: LeCockaroacha (big blind) folded before Flop



PokerStars Hand #257059928805: Tournament #3910306854, $4.80+$5.00+$1.20 USD Hold'em No Limit - Level V (40/80) - 2025/07/23 14:36:47 BRT [2025/07/23 13:36:47 ET]
Table '3910306854 51' 8-max Seat #6 is the button
Seat 1: Mariana Caet (5000 in chips, $5 bounty) 
Seat 2: Gabrielfs13 (5961 in chips, $5 bounty) 
Seat 3: Millhouse4 (6395 in chips, $5 bounty) 
Seat 4: Hadajktosom (6787 in chips, $7.50 bounty) 
Seat 5: Bee Larus (4456 in chips, $5 bounty) 
Seat 6: TheBearHoney (4836 in chips, $5 bounty) 
Seat 7: Jhuda33Poque (4770 in chips) out of hand (moved from another table into small blind)
Seat 8: LeCockaroacha (4892 in chips, $5 bounty) 
Jhuda33Poque will be allowed to play after the button
Mariana Caet: posts the ante 10
Gabrielfs13: posts the ante 10
Millhouse4: posts the ante 10
Hadajktosom: posts the ante 10
Bee Larus: posts the ante 10
TheBearHoney: posts the ante 10
LeCockaroacha: posts the ante 10
LeCockaroacha: posts small blind 40
Mariana Caet: posts big blind 80
*** HOLE CARDS ***
Dealt to Gabrielfs13 [Jc Ts]
Gabrielfs13: folds 
Millhouse4: folds 
Hadajktosom: folds 
Bee Larus: raises 80 to 160
TheBearHoney: folds 
LeCockaroacha: folds 
Mariana Caet: folds 
Uncalled bet (80) returned to Bee Larus
Bee Larus collected 270 from pot
Bee Larus: doesn't show hand 
*** SUMMARY ***
Total pot 270 | Rake 0 
Seat 1: Mariana Caet (big blind) folded before Flop
Seat 2: Gabrielfs13 folded before Flop (didn't bet)
Seat 3: Millhouse4 folded before Flop (didn't bet)
Seat 4: Hadajktosom folded before Flop (didn't bet)
Seat 5: Bee Larus collected (270)
Seat 6: TheBearHoney (button) folded before Flop (didn't bet)
Seat 8: LeCockaroacha (small blind) folded before Flop



PokerStars Hand #257059936177: Tournament #3910306854, $4.80+$5.00+$1.20 USD Hold'em No Limit - Level V (40/80) - 2025/07/23 14:37:23 BRT [2025/07/23 13:37:23 ET]
Table '3910306854 51' 8-max Seat #8 is the button
Seat 1: Mariana Caet (4910 in chips, $5 bounty) 
Seat 2: Gabrielfs13 (5951 in chips, $5 bounty) 
Seat 3: Millhouse4 (6385 in chips, $5 bounty) 
Seat 4: Hadajktosom (6777 in chips, $7.50 bounty) 
Seat 5: Bee Larus (4636 in chips, $5 bounty) 
Seat 6: TheBearHoney (4826 in chips, $5 bounty) 
Seat 7: Jhuda33Poque (4770 in chips, $5 bounty) 
Seat 8: LeCockaroacha (4842 in chips, $5 bounty) 
Mariana Caet: posts the ante 10
Gabrielfs13: posts the ante 10
Millhouse4: posts the ante 10
Hadajktosom: posts the ante 10
Bee Larus: posts the ante 10
TheBearHoney: posts the ante 10
Jhuda33Poque: posts the ante 10
LeCockaroacha: posts the ante 10
Mariana Caet: posts small blind 40
Gabrielfs13: posts big blind 80
*** HOLE CARDS ***
Dealt to Gabrielfs13 [6s 2d]
Millhouse4: folds 
Hadajktosom: raises 100 to 180
Bee Larus: folds 
TheBearHoney: folds 
Jhuda33Poque: folds 
LeCockaroacha: folds 
Mariana Caet: folds 
Gabrielfs13: folds 
Uncalled bet (100) returned to Hadajktosom
Hadajktosom collected 280 from pot
Hadajktosom: doesn't show hand 
*** SUMMARY ***
Total pot 280 | Rake 0 
Seat 1: Mariana Caet (small blind) folded before Flop
Seat 2: Gabrielfs13 (big blind) folded before Flop
Seat 3: Millhouse4 folded before Flop (didn't bet)
Seat 4: Hadajktosom collected (280)
Seat 5: Bee Larus folded before Flop (didn't bet)
Seat 6: TheBearHoney folded before Flop (didn't bet)
Seat 7: Jhuda33Poque folded before Flop (didn't bet)
Seat 8: LeCockaroacha (button) folded before Flop (didn't bet)



PokerStars Hand #257059941197: Tournament #3910306854, $4.80+$5.00+$1.20 USD Hold'em No Limit - Level V (40/80) - 2025/07/23 14:37:47 BRT [2025/07/23 13:37:47 ET]
Table '3910306854 51' 8-max Seat #1 is the button
Seat 1: Mariana Caet (4860 in chips, $5 bounty) 
Seat 2: Gabrielfs13 (5861 in chips, $5 bounty) 
Seat 3: Millhouse4 (6375 in chips, $5 bounty) 
Seat 4: Hadajktosom (6967 in chips, $7.50 bounty) 
Seat 5: Bee Larus (4626 in chips, $5 bounty) 
Seat 6: TheBearHoney (4816 in chips, $5 bounty) 
Seat 7: Jhuda33Poque (4760 in chips, $5 bounty) 
Seat 8: LeCockaroacha (4832 in chips, $5 bounty) 
Mariana Caet: posts the ante 10
Gabrielfs13: posts the ante 10
Millhouse4: posts the ante 10
Hadajktosom: posts the ante 10
Bee Larus: posts the ante 10
TheBearHoney: posts the ante 10
Jhuda33Poque: posts the ante 10
LeCockaroacha: posts the ante 10
Gabrielfs13: posts small blind 40
Millhouse4: posts big blind 80
*** HOLE CARDS ***
Dealt to Gabrielfs13 [Qh 6c]
Hadajktosom: folds 
Bee Larus: folds 
TheBearHoney: folds 
Jhuda33Poque: folds 
LeCockaroacha: raises 80 to 160
Mariana Caet: folds 
Gabrielfs13: folds 
Millhouse4: raises 480 to 640
LeCockaroacha: folds 
Uncalled bet (480) returned to Millhouse4
Millhouse4 collected 440 from pot
Millhouse4: doesn't show hand 
*** SUMMARY ***
Total pot 440 | Rake 0 
Seat 1: Mariana Caet (button) folded before Flop (didn't bet)
Seat 2: Gabrielfs13 (small blind) folded before Flop
Seat 3: Millhouse4 (big blind) collected (440)
Seat 4: Hadajktosom folded before Flop (didn't bet)
Seat 5: Bee Larus folded before Flop (didn't bet)
Seat 6: TheBearHoney folded before Flop (didn't bet)
Seat 7: Jhuda33Poque folded before Flop (didn't bet)
Seat 8: LeCockaroacha folded before Flop



PokerStars Hand #257059947899: Tournament #3910306854, $4.80+$5.00+$1.20 USD Hold'em No Limit - Level V (40/80) - 2025/07/23 14:38:20 BRT [2025/07/23 13:38:20 ET]
Table '3910306854 51' 8-max Seat #2 is the button
Seat 1: Mariana Caet (4850 in chips, $5 bounty) 
Seat 2: Gabrielfs13 (5811 in chips, $5 bounty) 
Seat 3: Millhouse4 (6645 in chips, $5 bounty) 
Seat 4: Hadajktosom (6957 in chips, $7.50 bounty) 
Seat 5: Bee Larus (4616 in chips, $5 bounty) 
Seat 6: TheBearHoney (4806 in chips, $5 bounty) 
Seat 7: Jhuda33Poque (4750 in chips, $5 bounty) 
Seat 8: LeCockaroacha (4662 in chips, $5 bounty) 
Mariana Caet: posts the ante 10
Gabrielfs13: posts the ante 10
Millhouse4: posts the ante 10
Hadajktosom: posts the ante 10
Bee Larus: posts the ante 10
TheBearHoney: posts the ante 10
Jhuda33Poque: posts the ante 10
LeCockaroacha: posts the ante 10
Millhouse4: posts small blind 40
Hadajktosom: posts big blind 80
*** HOLE CARDS ***
Dealt to Gabrielfs13 [8d 5c]
Bee Larus: folds 
TheBearHoney: calls 80
Jhuda33Poque: folds 
LeCockaroacha: folds 
Mariana Caet: folds 
Gabrielfs13: folds 
Millhouse4: folds 
Hadajktosom: checks 
*** FLOP *** [2h 3h 8c]
Hadajktosom: checks 
TheBearHoney: bets 280
Hadajktosom: folds 
Uncalled bet (280) returned to TheBearHoney
TheBearHoney collected 280 from pot
TheBearHoney: doesn't show hand 
*** SUMMARY ***
Total pot 280 | Rake 0 
Board [2h 3h 8c]
Seat 1: Mariana Caet folded before Flop (didn't bet)
Seat 2: Gabrielfs13 (button) folded before Flop (didn't bet)
Seat 3: Millhouse4 (small blind) folded before Flop
Seat 4: Hadajktosom (big blind) folded on the Flop
Seat 5: Bee Larus folded before Flop (didn't bet)
Seat 6: TheBearHoney collected (280)
Seat 7: Jhuda33Poque folded before Flop (didn't bet)
Seat 8: LeCockaroacha folded before Flop (didn't bet)



PokerStars Hand #257059958687: Tournament #3910306854, $4.80+$5.00+$1.20 USD Hold'em No Limit - Level V (40/80) - 2025/07/23 14:39:13 BRT [2025/07/23 13:39:13 ET]
Table '3910306854 51' 8-max Seat #3 is the button
Seat 1: Mariana Caet (4840 in chips, $5 bounty) 
Seat 2: Gabrielfs13 (5801 in chips, $5 bounty) 
Seat 3: Millhouse4 (6595 in chips, $5 bounty) 
Seat 4: Hadajktosom (6867 in chips, $7.50 bounty) 
Seat 5: Bee Larus (4606 in chips, $5 bounty) 
Seat 6: TheBearHoney (4996 in chips, $5 bounty) 
Seat 7: Jhuda33Poque (4740 in chips, $5 bounty) 
Seat 8: LeCockaroacha (4652 in chips, $5 bounty) 
Mariana Caet: posts the ante 10
Gabrielfs13: posts the ante 10
Millhouse4: posts the ante 10
Hadajktosom: posts the ante 10
Bee Larus: posts the ante 10
TheBearHoney: posts the ante 10
Jhuda33Poque: posts the ante 10
LeCockaroacha: posts the ante 10
Hadajktosom: posts small blind 40
Bee Larus: posts big blind 80
*** HOLE CARDS ***
Dealt to Gabrielfs13 [5s 3h]
TheBearHoney: folds 
Jhuda33Poque: raises 96 to 176
LeCockaroacha: folds 
Mariana Caet: folds 
Gabrielfs13: folds 
Millhouse4: folds 
Hadajktosom: folds 
Bee Larus: folds 
Uncalled bet (96) returned to Jhuda33Poque
Jhuda33Poque collected 280 from pot
Jhuda33Poque: doesn't show hand 
*** SUMMARY ***
Total pot 280 | Rake 0 
Seat 1: Mariana Caet folded before Flop (didn't bet)
Seat 2: Gabrielfs13 folded before Flop (didn't bet)
Seat 3: Millhouse4 (button) folded before Flop (didn't bet)
Seat 4: Hadajktosom (small blind) folded before Flop
Seat 5: Bee Larus (big blind) folded before Flop
Seat 6: TheBearHoney folded before Flop (didn't bet)
Seat 7: Jhuda33Poque collected (280)
Seat 8: LeCockaroacha folded before Flop (didn't bet)



PokerStars Hand #257059963272: Tournament #3910306854, $4.80+$5.00+$1.20 USD Hold'em No Limit - Level V (40/80) - 2025/07/23 14:39:35 BRT [2025/07/23 13:39:35 ET]
Table '3910306854 51' 8-max Seat #4 is the button
Seat 1: Mariana Caet (4830 in chips, $5 bounty) 
Seat 2: Gabrielfs13 (5791 in chips, $5 bounty) 
Seat 3: Millhouse4 (6585 in chips, $5 bounty) 
Seat 4: Hadajktosom (6817 in chips, $7.50 bounty) 
Seat 5: Bee Larus (4516 in chips, $5 bounty) 
Seat 6: TheBearHoney (4986 in chips, $5 bounty) 
Seat 7: Jhuda33Poque (4930 in chips, $5 bounty) 
Seat 8: LeCockaroacha (4642 in chips, $5 bounty) 
Mariana Caet: posts the ante 10
Gabrielfs13: posts the ante 10
Millhouse4: posts the ante 10
Hadajktosom: posts the ante 10
Bee Larus: posts the ante 10
TheBearHoney: posts the ante 10
Jhuda33Poque: posts the ante 10
LeCockaroacha: posts the ante 10
Bee Larus: posts small blind 40
TheBearHoney: posts big blind 80
*** HOLE CARDS ***
Dealt to Gabrielfs13 [8s 3h]
Jhuda33Poque: folds 
LeCockaroacha: folds 
Mariana Caet: folds 
Gabrielfs13: folds 
Millhouse4: folds 
Hadajktosom: raises 100 to 180
Bee Larus: raises 500 to 680
TheBearHoney: folds 
Hadajktosom: folds 
Uncalled bet (500) returned to Bee Larus
Bee Larus collected 520 from pot
Bee Larus: doesn't show hand 
*** SUMMARY ***
Total pot 520 | Rake 0 
Seat 1: Mariana Caet folded before Flop (didn't bet)
Seat 2: Gabrielfs13 folded before Flop (didn't bet)
Seat 3: Millhouse4 folded before Flop (didn't bet)
Seat 4: Hadajktosom (button) folded before Flop
Seat 5: Bee Larus (small blind) collected (520)
Seat 6: TheBearHoney (big blind) folded before Flop
Seat 7: Jhuda33Poque folded before Flop (didn't bet)
Seat 8: LeCockaroacha folded before Flop (didn't bet)



PokerStars Hand #257059978869: Tournament #3910306854, $4.80+$5.00+$1.20 USD Hold'em No Limit - Level VI (50/100) - 2025/07/23 14:40:51 BRT [2025/07/23 13:40:51 ET]
Table '3910306854 51' 8-max Seat #5 is the button
Seat 1: Mariana Caet (4820 in chips, $5 bounty) 
Seat 2: Gabrielfs13 (5781 in chips, $5 bounty) 
Seat 3: Millhouse4 (6575 in chips, $5 bounty) 
Seat 4: Hadajktosom (6627 in chips, $7.50 bounty) 
Seat 5: Bee Larus (4846 in chips, $5 bounty) 
Seat 6: TheBearHoney (4896 in chips, $5 bounty) 
Seat 7: Jhuda33Poque (4920 in chips, $5 bounty) 
Seat 8: LeCockaroacha (4632 in chips, $5 bounty) 
Mariana Caet: posts the ante 12
Gabrielfs13: posts the ante 12
Millhouse4: posts the ante 12
Hadajktosom: posts the ante 12
Bee Larus: posts the ante 12
TheBearHoney: posts the ante 12
Jhuda33Poque: posts the ante 12
LeCockaroacha: posts the ante 12
TheBearHoney: posts small blind 50
Jhuda33Poque: posts big blind 100
*** HOLE CARDS ***
Dealt to Gabrielfs13 [8s 3d]
LeCockaroacha: raises 100 to 200
Mariana Caet: folds 
Gabrielfs13: folds 
Millhouse4: folds 
Hadajktosom: folds 
Bee Larus: folds 
TheBearHoney: folds 
Jhuda33Poque: calls 100
*** FLOP *** [6s Ac 6c]
Jhuda33Poque: checks 
LeCockaroacha: bets 210
Jhuda33Poque: folds 
Uncalled bet (210) returned to LeCockaroacha
LeCockaroacha collected 546 from pot
LeCockaroacha: doesn't show hand 
*** SUMMARY ***
Total pot 546 | Rake 0 
Board [6s Ac 6c]
Seat 1: Mariana Caet folded before Flop (didn't bet)
Seat 2: Gabrielfs13 folded before Flop (didn't bet)
Seat 3: Millhouse4 folded before Flop (didn't bet)
Seat 4: Hadajktosom folded before Flop (didn't bet)
Seat 5: Bee Larus (button) folded before Flop (didn't bet)
Seat 6: TheBearHoney (small blind) folded before Flop
Seat 7: Jhuda33Poque (big blind) folded on the Flop
Seat 8: LeCockaroacha collected (546)



PokerStars Hand #257059989823: Tournament #3910306854, $4.80+$5.00+$1.20 USD Hold'em No Limit - Level VI (50/100) - 2025/07/23 14:41:43 BRT [2025/07/23 13:41:43 ET]
Table '3910306854 51' 8-max Seat #6 is the button
Seat 1: Mariana Caet (4808 in chips, $5 bounty) 
Seat 2: Gabrielfs13 (5769 in chips, $5 bounty) 
Seat 3: Millhouse4 (6563 in chips, $5 bounty) 
Seat 4: Hadajktosom (6615 in chips, $7.50 bounty) 
Seat 5: Bee Larus (4834 in chips, $5 bounty) 
Seat 6: TheBearHoney (4834 in chips, $5 bounty) 
Seat 7: Jhuda33Poque (4708 in chips, $5 bounty) 
Seat 8: LeCockaroacha (4966 in chips, $5 bounty) 
Mariana Caet: posts the ante 12
Gabrielfs13: posts the ante 12
Millhouse4: posts the ante 12
Hadajktosom: posts the ante 12
Bee Larus: posts the ante 12
TheBearHoney: posts the ante 12
Jhuda33Poque: posts the ante 12
LeCockaroacha: posts the ante 12
Jhuda33Poque: posts small blind 50
LeCockaroacha: posts big blind 100
*** HOLE CARDS ***
Dealt to Gabrielfs13 [7s 6s]
Mariana Caet: raises 100 to 200
Gabrielfs13: calls 200
Millhouse4: folds 
Hadajktosom: folds 
Bee Larus: folds 
TheBearHoney: folds 
Jhuda33Poque: folds 
LeCockaroacha: folds 
*** FLOP *** [9d 6c Kh]
Mariana Caet: bets 213
Gabrielfs13: calls 213
*** TURN *** [9d 6c Kh] [Jd]
Mariana Caet: checks 
Gabrielfs13: checks 
*** RIVER *** [9d 6c Kh Jd] [Kd]
Mariana Caet: checks 
Gabrielfs13: checks 
*** SHOW DOWN ***
Mariana Caet: shows [Jc Tc] (two pair, Kings and Jacks)
Gabrielfs13: mucks hand 
Mariana Caet collected 1072 from pot
*** SUMMARY ***
Total pot 1072 | Rake 0 
Board [9d 6c Kh Jd Kd]
Seat 1: Mariana Caet showed [Jc Tc] and won (1072) with two pair, Kings and Jacks
Seat 2: Gabrielfs13 mucked [7s 6s]
Seat 3: Millhouse4 folded before Flop (didn't bet)
Seat 4: Hadajktosom folded before Flop (didn't bet)
Seat 5: Bee Larus folded before Flop (didn't bet)
Seat 6: TheBearHoney (button) folded before Flop (didn't bet)
Seat 7: Jhuda33Poque (small blind) folded before Flop
Seat 8: LeCockaroacha (big blind) folded before Flop



PokerStars Hand #257060000633: Tournament #3910306854, $4.80+$5.00+$1.20 USD Hold'em No Limit - Level VI (50/100) - 2025/07/23 14:42:37 BRT [2025/07/23 13:42:37 ET]
Table '3910306854 51' 8-max Seat #7 is the button
Seat 1: Mariana Caet (5455 in chips, $5 bounty) 
Seat 2: Gabrielfs13 (5344 in chips, $5 bounty) 
Seat 3: Millhouse4 (6551 in chips, $5 bounty) 
Seat 4: Hadajktosom (6603 in chips, $7.50 bounty) 
Seat 5: Bee Larus (4822 in chips, $5 bounty) 
Seat 6: TheBearHoney (4822 in chips, $5 bounty) 
Seat 7: Jhuda33Poque (4646 in chips, $5 bounty) 
Seat 8: LeCockaroacha (4854 in chips, $5 bounty) 
Mariana Caet: posts the ante 12
Gabrielfs13: posts the ante 12
Millhouse4: posts the ante 12
Hadajktosom: posts the ante 12
Bee Larus: posts the ante 12
TheBearHoney: posts the ante 12
Jhuda33Poque: posts the ante 12
LeCockaroacha: posts the ante 12
LeCockaroacha: posts small blind 50
Mariana Caet: posts big blind 100
*** HOLE CARDS ***
Dealt to Gabrielfs13 [2d 9h]
Gabrielfs13: folds 
Millhouse4: folds 
Hadajktosom: folds 
Bee Larus: folds 
TheBearHoney: raises 200 to 300
Jhuda33Poque: folds 
LeCockaroacha: calls 250
Mariana Caet: calls 200
*** FLOP *** [8h 5h 6s]
LeCockaroacha: checks 
Mariana Caet: checks 
TheBearHoney: checks 
*** TURN *** [8h 5h 6s] [2s]
LeCockaroacha: checks 
Mariana Caet: bets 647
TheBearHoney: folds 
LeCockaroacha: folds 
Uncalled bet (647) returned to Mariana Caet
Mariana Caet collected 996 from pot
*** SUMMARY ***
Total pot 996 | Rake 0 
Board [8h 5h 6s 2s]
Seat 1: Mariana Caet (big blind) collected (996)
Seat 2: Gabrielfs13 folded before Flop (didn't bet)
Seat 3: Millhouse4 folded before Flop (didn't bet)
Seat 4: Hadajktosom folded before Flop (didn't bet)
Seat 5: Bee Larus folded before Flop (didn't bet)
Seat 6: TheBearHoney folded on the Turn
Seat 7: Jhuda33Poque (button) folded before Flop (didn't bet)
Seat 8: LeCockaroacha (small blind) folded on the Turn



PokerStars Hand #257060016085: Tournament #3910306854, $4.80+$5.00+$1.20 USD Hold'em No Limit - Level VI (50/100) - 2025/07/23 14:43:53 BRT [2025/07/23 13:43:53 ET]
Table '3910306854 51' 8-max Seat #8 is the button
Seat 1: Mariana Caet (6139 in chips, $5 bounty) 
Seat 2: Gabrielfs13 (5332 in chips, $5 bounty) 
Seat 3: Millhouse4 (6539 in chips, $5 bounty) 
Seat 4: Hadajktosom (6591 in chips, $7.50 bounty) 
Seat 5: Bee Larus (4810 in chips, $5 bounty) 
Seat 6: TheBearHoney (4510 in chips, $5 bounty) 
Seat 7: Jhuda33Poque (4634 in chips, $5 bounty) 
Seat 8: LeCockaroacha (4542 in chips, $5 bounty) 
Mariana Caet: posts the ante 12
Gabrielfs13: posts the ante 12
Millhouse4: posts the ante 12
Hadajktosom: posts the ante 12
Bee Larus: posts the ante 12
TheBearHoney: posts the ante 12
Jhuda33Poque: posts the ante 12
LeCockaroacha: posts the ante 12
Mariana Caet: posts small blind 50
Gabrielfs13: posts big blind 100
*** HOLE CARDS ***
Dealt to Gabrielfs13 [Ad Th]
Millhouse4: folds 
Hadajktosom: folds 
Bee Larus: folds 
TheBearHoney: raises 100 to 200
Jhuda33Poque: calls 200
LeCockaroacha: folds 
Mariana Caet: folds 
Gabrielfs13: raises 800 to 1000
TheBearHoney: raises 3498 to 4498 and is all-in
Jhuda33Poque: folds 
Gabrielfs13: folds 
Uncalled bet (3498) returned to TheBearHoney
TheBearHoney collected 2346 from pot
TheBearHoney: doesn't show hand 
*** SUMMARY ***
Total pot 2346 | Rake 0 
Seat 1: Mariana Caet (small blind) folded before Flop
Seat 2: Gabrielfs13 (big blind) folded before Flop
Seat 3: Millhouse4 folded before Flop (didn't bet)
Seat 4: Hadajktosom folded before Flop (didn't bet)
Seat 5: Bee Larus folded before Flop (didn't bet)
Seat 6: TheBearHoney collected (2346)
Seat 7: Jhuda33Poque folded before Flop
Seat 8: LeCockaroacha (button) folded before Flop (didn't bet)



PokerStars Hand #257060026969: Tournament #3910306854, $4.80+$5.00+$1.20 USD Hold'em No Limit - Level VI (50/100) - 2025/07/23 14:44:47 BRT [2025/07/23 13:44:47 ET]
Table '3910306854 51' 8-max Seat #1 is the button
Seat 1: Mariana Caet (6077 in chips, $5 bounty) 
Seat 2: Gabrielfs13 (4320 in chips, $5 bounty) 
Seat 3: Millhouse4 (6527 in chips, $5 bounty) 
Seat 4: Hadajktosom (6579 in chips, $7.50 bounty) 
Seat 5: Bee Larus (4798 in chips, $5 bounty) 
Seat 6: TheBearHoney (5844 in chips, $5 bounty) 
Seat 7: Jhuda33Poque (4422 in chips, $5 bounty) 
Seat 8: LeCockaroacha (4530 in chips, $5 bounty) 
Mariana Caet: posts the ante 12
Gabrielfs13: posts the ante 12
Millhouse4: posts the ante 12
Hadajktosom: posts the ante 12
Bee Larus: posts the ante 12
TheBearHoney: posts the ante 12
Jhuda33Poque: posts the ante 12
LeCockaroacha: posts the ante 12
Gabrielfs13: posts small blind 50
Millhouse4: posts big blind 100
*** HOLE CARDS ***
Dealt to Gabrielfs13 [9h Jc]
Hadajktosom: raises 125 to 225
Bee Larus: folds 
TheBearHoney: calls 225
Jhuda33Poque: folds 
LeCockaroacha: calls 225
Mariana Caet: raises 875 to 1100
Gabrielfs13: folds 
Millhouse4: folds 
Hadajktosom: folds 
TheBearHoney: raises 4732 to 5832 and is all-in
LeCockaroacha: folds 
Mariana Caet: calls 4732
*** FLOP *** [4c 6h 5d]
*** TURN *** [4c 6h 5d] [Ad]
*** RIVER *** [4c 6h 5d Ad] [7h]
*** SHOW DOWN ***
TheBearHoney: shows [8s 8d] (a straight, Four to Eight)
Mariana Caet: shows [Kc Qs] (high card Ace)
TheBearHoney collected 12360 from pot
*** SUMMARY ***
Total pot 12360 | Rake 0 
Board [4c 6h 5d Ad 7h]
Seat 1: Mariana Caet (button) showed [Kc Qs] and lost with high card Ace
Seat 2: Gabrielfs13 (small blind) folded before Flop
Seat 3: Millhouse4 (big blind) folded before Flop
Seat 4: Hadajktosom folded before Flop
Seat 5: Bee Larus folded before Flop (didn't bet)
Seat 6: TheBearHoney showed [8s 8d] and won (12360) with a straight, Four to Eight
Seat 7: Jhuda33Poque folded before Flop (didn't bet)
Seat 8: LeCockaroacha folded before Flop



PokerStars Hand #257060039881: Tournament #3910306854, $4.80+$5.00+$1.20 USD Hold'em No Limit - Level VII (60/120) - 2025/07/23 14:45:51 BRT [2025/07/23 13:45:51 ET]
Table '3910306854 51' 8-max Seat #2 is the button
Seat 1: Mariana Caet (233 in chips, $5 bounty) 
Seat 2: Gabrielfs13 (4258 in chips, $5 bounty) 
Seat 3: Millhouse4 (6415 in chips, $5 bounty) 
Seat 4: Hadajktosom (6342 in chips, $7.50 bounty) 
Seat 5: Bee Larus (4786 in chips, $5 bounty) 
Seat 6: TheBearHoney (12360 in chips, $5 bounty) 
Seat 7: Jhuda33Poque (4410 in chips, $5 bounty) 
Seat 8: LeCockaroacha (4293 in chips, $5 bounty) 
Mariana Caet: posts the ante 15
Gabrielfs13: posts the ante 15
Millhouse4: posts the ante 15
Hadajktosom: posts the ante 15
Bee Larus: posts the ante 15
TheBearHoney: posts the ante 15
Jhuda33Poque: posts the ante 15
LeCockaroacha: posts the ante 15
Millhouse4: posts small blind 60
Hadajktosom: posts big blind 120
*** HOLE CARDS ***
Dealt to Gabrielfs13 [Jh 9h]
Bee Larus: folds 
TheBearHoney: folds 
Jhuda33Poque: folds 
LeCockaroacha: folds 
Mariana Caet: folds 
Gabrielfs13: raises 120 to 240
Millhouse4: folds 
Hadajktosom: folds 
Uncalled bet (120) returned to Gabrielfs13
Gabrielfs13 collected 420 from pot
Gabrielfs13: doesn't show hand 
*** SUMMARY ***
Total pot 420 | Rake 0 
Seat 1: Mariana Caet folded before Flop (didn't bet)
Seat 2: Gabrielfs13 (button) collected (420)
Seat 3: Millhouse4 (small blind) folded before Flop
Seat 4: Hadajktosom (big blind) folded before Flop
Seat 5: Bee Larus folded before Flop (didn't bet)
Seat 6: TheBearHoney folded before Flop (didn't bet)
Seat 7: Jhuda33Poque folded before Flop (didn't bet)
Seat 8: LeCockaroacha folded before Flop (didn't bet)



PokerStars Hand #257060046196: Tournament #3910306854, $4.80+$5.00+$1.20 USD Hold'em No Limit - Level VII (60/120) - 2025/07/23 14:46:22 BRT [2025/07/23 13:46:22 ET]
Table '3910306854 51' 8-max Seat #3 is the button
Seat 1: Mariana Caet (218 in chips, $5 bounty) 
Seat 2: Gabrielfs13 (4543 in chips, $5 bounty) 
Seat 3: Millhouse4 (6340 in chips, $5 bounty) 
Seat 4: Hadajktosom (6207 in chips, $7.50 bounty) 
Seat 5: Bee Larus (4771 in chips, $5 bounty) 
Seat 6: TheBearHoney (12345 in chips, $5 bounty) 
Seat 7: Jhuda33Poque (4395 in chips, $5 bounty) 
Seat 8: LeCockaroacha (4278 in chips, $5 bounty) 
Mariana Caet: posts the ante 15
Gabrielfs13: posts the ante 15
Millhouse4: posts the ante 15
Hadajktosom: posts the ante 15
Bee Larus: posts the ante 15
TheBearHoney: posts the ante 15
Jhuda33Poque: posts the ante 15
LeCockaroacha: posts the ante 15
Hadajktosom: posts small blind 60
Bee Larus: posts big blind 120
*** HOLE CARDS ***
Dealt to Gabrielfs13 [2d 8s]
TheBearHoney: folds 
Jhuda33Poque: folds 
LeCockaroacha: folds 
Mariana Caet: raises 83 to 203 and is all-in
Gabrielfs13: folds 
Millhouse4: raises 6122 to 6325 and is all-in
Hadajktosom: folds 
Bee Larus: calls 4636 and is all-in
Uncalled bet (1569) returned to Millhouse4
*** FLOP *** [9s 2s 6c]
*** TURN *** [9s 2s 6c] [Js]
*** RIVER *** [9s 2s 6c Js] [Ad]
*** SHOW DOWN ***
Bee Larus: shows [Qd Ah] (a pair of Aces)
Millhouse4: shows [6d 5d] (a pair of Sixes)
Bee Larus collected 9106 from side pot
Mariana Caet: shows [Kc Qh] (high card Ace)
Bee Larus collected 789 from main pot
Bee Larus wins $2.50 for eliminating Mariana Caet and their own bounty increases by $2.50 to $7.50
Mariana Caet finished the tournament
*** SUMMARY ***
Total pot 9895 Main pot 789. Side pot 9106. | Rake 0 
Board [9s 2s 6c Js Ad]
Seat 1: Mariana Caet showed [Kc Qh] and lost with high card Ace
Seat 2: Gabrielfs13 folded before Flop (didn't bet)
Seat 3: Millhouse4 (button) showed [6d 5d] and lost with a pair of Sixes
Seat 4: Hadajktosom (small blind) folded before Flop
Seat 5: Bee Larus (big blind) showed [Qd Ah] and won (9895) with a pair of Aces
Seat 6: TheBearHoney folded before Flop (didn't bet)
Seat 7: Jhuda33Poque folded before Flop (didn't bet)
Seat 8: LeCockaroacha folded before Flop (didn't bet)



PokerStars Hand #257060052732: Tournament #3910306854, $4.80+$5.00+$1.20 USD Hold'em No Limit - Level VII (60/120) - 2025/07/23 14:46:54 BRT [2025/07/23 13:46:54 ET]
Table '3910306854 51' 8-max Seat #4 is the button
Seat 2: Gabrielfs13 (4528 in chips, $5 bounty) 
Seat 3: Millhouse4 (1569 in chips, $5 bounty) 
Seat 4: Hadajktosom (6132 in chips, $7.50 bounty) 
Seat 5: Bee Larus (9895 in chips, $7.50 bounty) 
Seat 6: TheBearHoney (12330 in chips, $5 bounty) 
Seat 7: Jhuda33Poque (4380 in chips, $5 bounty) 
Seat 8: LeCockaroacha (4263 in chips, $5 bounty) 
Gabrielfs13: posts the ante 15
Millhouse4: posts the ante 15
Hadajktosom: posts the ante 15
Bee Larus: posts the ante 15
TheBearHoney: posts the ante 15
Jhuda33Poque: posts the ante 15
LeCockaroacha: posts the ante 15
Bee Larus: posts small blind 60
TheBearHoney: posts big blind 120
*** HOLE CARDS ***
Dealt to Gabrielfs13 [Qh 5h]
Jhuda33Poque: folds 
LeCockaroacha: folds 
Gabrielfs13: raises 120 to 240
Millhouse4: raises 1314 to 1554 and is all-in
Hadajktosom: folds 
Bee Larus: folds 
TheBearHoney: folds 
Gabrielfs13: calls 1314
*** FLOP *** [3d Td Qc]
*** TURN *** [3d Td Qc] [7c]
*** RIVER *** [3d Td Qc 7c] [Jd]
*** SHOW DOWN ***
Gabrielfs13: shows [Qh 5h] (a pair of Queens)
Millhouse4: shows [Ks Ts] (a pair of Tens)
Gabrielfs13 collected 3393 from pot
Gabrielfs13 wins $2.50 for eliminating Millhouse4 and their own bounty increases by $2.50 to $7.50
Millhouse4 finished the tournament
*** SUMMARY ***
Total pot 3393 | Rake 0 
Board [3d Td Qc 7c Jd]
Seat 2: Gabrielfs13 showed [Qh 5h] and won (3393) with a pair of Queens
Seat 3: Millhouse4 showed [Ks Ts] and lost with a pair of Tens
Seat 4: Hadajktosom (button) folded before Flop (didn't bet)
Seat 5: Bee Larus (small blind) folded before Flop
Seat 6: TheBearHoney (big blind) folded before Flop
Seat 7: Jhuda33Poque folded before Flop (didn't bet)
Seat 8: LeCockaroacha folded before Flop (didn't bet)



PokerStars Hand #257060063827: Tournament #3910306854, $4.80+$5.00+$1.20 USD Hold'em No Limit - Level VII (60/120) - 2025/07/23 14:47:49 BRT [2025/07/23 13:47:49 ET]
Table '3910306854 51' 8-max Seat #5 is the button
Seat 1: ZzZzZzZzSsZ (5000 in chips, $5 bounty) 
Seat 2: Gabrielfs13 (6352 in chips, $7.50 bounty) 
Seat 4: Hadajktosom (6117 in chips, $7.50 bounty) 
Seat 5: Bee Larus (9820 in chips, $7.50 bounty) 
Seat 6: TheBearHoney (12195 in chips, $5 bounty) 
Seat 8: LeCockaroacha (4248 in chips, $5 bounty) 
ZzZzZzZzSsZ: posts the ante 15
Gabrielfs13: posts the ante 15
Hadajktosom: posts the ante 15
Bee Larus: posts the ante 15
TheBearHoney: posts the ante 15
LeCockaroacha: posts the ante 15
TheBearHoney: posts small blind 60
LeCockaroacha: posts big blind 120
*** HOLE CARDS ***
Dealt to Gabrielfs13 [6s 7h]
kawocola is disconnected 
ZzZzZzZzSsZ: folds 
Gabrielfs13: folds 
Hadajktosom: raises 150 to 270
Bee Larus: folds 
Millhouse4 is disconnected 
TheBearHoney: folds 
LeCockaroacha: folds 
Uncalled bet (150) returned to Hadajktosom
Hadajktosom collected 390 from pot
Hadajktosom: doesn't show hand 
*** SUMMARY ***
Total pot 390 | Rake 0 
Seat 1: ZzZzZzZzSsZ folded before Flop (didn't bet)
Seat 2: Gabrielfs13 folded before Flop (didn't bet)
Seat 4: Hadajktosom collected (390)
Seat 5: Bee Larus (button) folded before Flop (didn't bet)
Seat 6: TheBearHoney (small blind) folded before Flop
Seat 8: LeCockaroacha (big blind) folded before Flop



PokerStars Hand #257060068324: Tournament #3910306854, $4.80+$5.00+$1.20 USD Hold'em No Limit - Level VII (60/120) - 2025/07/23 14:48:11 BRT [2025/07/23 13:48:11 ET]
Table '3910306854 51' 8-max Seat #6 is the button
Seat 1: ZzZzZzZzSsZ (4985 in chips, $5 bounty) 
Seat 2: Gabrielfs13 (6337 in chips, $7.50 bounty) 
Seat 3: Millhouse4 (5000 in chips, $5 bounty) 
Seat 4: Hadajktosom (6372 in chips, $7.50 bounty) 
Seat 5: Bee Larus (9805 in chips, $7.50 bounty) 
Seat 6: TheBearHoney (12120 in chips, $5 bounty) 
Seat 7: kawocola (4692 in chips) out of hand (moved from another table into small blind)
Seat 8: LeCockaroacha (4113 in chips, $5 bounty) 
kawocola will be allowed to play after the button
ZzZzZzZzSsZ: posts the ante 15
Gabrielfs13: posts the ante 15
Millhouse4: posts the ante 15
Hadajktosom: posts the ante 15
Bee Larus: posts the ante 15
TheBearHoney: posts the ante 15
LeCockaroacha: posts the ante 15
LeCockaroacha: posts small blind 60
ZzZzZzZzSsZ: posts big blind 120
*** HOLE CARDS ***
Dealt to Gabrielfs13 [8s Td]
Gabrielfs13: folds 
Millhouse4: folds 
Hadajktosom: folds 
Bee Larus: folds 
TheBearHoney: raises 120 to 240
LeCockaroacha: folds 
ZzZzZzZzSsZ: calls 120
*** FLOP *** [6d Ks Qh]
ZzZzZzZzSsZ: checks 
TheBearHoney has timed out
TheBearHoney: checks 
*** TURN *** [6d Ks Qh] [As]
ZzZzZzZzSsZ: checks 
TheBearHoney: checks 
*** RIVER *** [6d Ks Qh As] [2d]
ZzZzZzZzSsZ: checks 
TheBearHoney: checks 
*** SHOW DOWN ***
ZzZzZzZzSsZ: shows [6c 4s] (a pair of Sixes)
TheBearHoney: shows [Kh Js] (a pair of Kings)
TheBearHoney collected 645 from pot
*** SUMMARY ***
Total pot 645 | Rake 0 
Board [6d Ks Qh As 2d]
Seat 1: ZzZzZzZzSsZ (big blind) showed [6c 4s] and lost with a pair of Sixes
Seat 2: Gabrielfs13 folded before Flop (didn't bet)
Seat 3: Millhouse4 folded before Flop (didn't bet)
Seat 4: Hadajktosom folded before Flop (didn't bet)
Seat 5: Bee Larus folded before Flop (didn't bet)
Seat 6: TheBearHoney (button) showed [Kh Js] and won (645) with a pair of Kings
Seat 8: LeCockaroacha (small blind) folded before Flop



PokerStars Hand #257060086824: Tournament #3910306854, $4.80+$5.00+$1.20 USD Hold'em No Limit - Level VII (60/120) - 2025/07/23 14:49:42 BRT [2025/07/23 13:49:42 ET]
Table '3910306854 51' 8-max Seat #8 is the button
Seat 1: ZzZzZzZzSsZ (4730 in chips, $5 bounty) 
Seat 2: Gabrielfs13 (6322 in chips, $7.50 bounty) 
Seat 3: Millhouse4 (4985 in chips, $5 bounty) 
Seat 4: Hadajktosom (6357 in chips, $7.50 bounty) 
Seat 5: Bee Larus (9790 in chips, $7.50 bounty) 
Seat 6: TheBearHoney (12510 in chips, $5 bounty) 
Seat 7: kawocola (4692 in chips, $5 bounty) 
Seat 8: LeCockaroacha (4038 in chips, $5 bounty) 
ZzZzZzZzSsZ: posts the ante 15
Gabrielfs13: posts the ante 15
Millhouse4: posts the ante 15
Hadajktosom: posts the ante 15
Bee Larus: posts the ante 15
TheBearHoney: posts the ante 15
kawocola: posts the ante 15
LeCockaroacha: posts the ante 15
ZzZzZzZzSsZ: posts small blind 60
Gabrielfs13: posts big blind 120
*** HOLE CARDS ***
Dealt to Gabrielfs13 [Jh 3h]
Millhouse4: folds 
Hadajktosom: folds 
Bee Larus: raises 120 to 240
TheBearHoney: folds 
kawocola: folds 
LeCockaroacha: folds 
ZzZzZzZzSsZ: folds 
Gabrielfs13: calls 120
*** FLOP *** [Js As Kh]
Gabrielfs13: checks 
Bee Larus: bets 198
Gabrielfs13: folds 
Uncalled bet (198) returned to Bee Larus
Bee Larus collected 660 from pot
Bee Larus: doesn't show hand 
*** SUMMARY ***
Total pot 660 | Rake 0 
Board [Js As Kh]
Seat 1: ZzZzZzZzSsZ (small blind) folded before Flop
Seat 2: Gabrielfs13 (big blind) folded on the Flop
Seat 3: Millhouse4 folded before Flop (didn't bet)
Seat 4: Hadajktosom folded before Flop (didn't bet)
Seat 5: Bee Larus collected (660)
Seat 6: TheBearHoney folded before Flop (didn't bet)
Seat 7: kawocola folded before Flop (didn't bet)
Seat 8: LeCockaroacha (button) folded before Flop (didn't bet)



PokerStars Hand #257060092287: Tournament #3910306854, $4.80+$5.00+$1.20 USD Hold'em No Limit - Level VIII (75/150) - 2025/07/23 14:50:09 BRT [2025/07/23 13:50:09 ET]
Table '3910306854 51' 8-max Seat #1 is the button
Seat 1: ZzZzZzZzSsZ (4655 in chips, $5 bounty) 
Seat 2: Gabrielfs13 (6067 in chips, $7.50 bounty) 
Seat 3: Millhouse4 (4970 in chips, $5 bounty) 
Seat 4: Hadajktosom (6342 in chips, $7.50 bounty) 
Seat 5: Bee Larus (10195 in chips, $7.50 bounty) 
Seat 6: TheBearHoney (12495 in chips, $5 bounty) 
Seat 7: kawocola (4677 in chips, $5 bounty) 
Seat 8: LeCockaroacha (4023 in chips, $5 bounty) 
ZzZzZzZzSsZ: posts the ante 20
Gabrielfs13: posts the ante 20
Millhouse4: posts the ante 20
Hadajktosom: posts the ante 20
Bee Larus: posts the ante 20
TheBearHoney: posts the ante 20
kawocola: posts the ante 20
LeCockaroacha: posts the ante 20
Gabrielfs13: posts small blind 75
Millhouse4: posts big blind 150
*** HOLE CARDS ***
Dealt to Gabrielfs13 [2s 5d]
Hadajktosom: folds 
Bee Larus: folds 
TheBearHoney: raises 150 to 300
kawocola: folds 
LeCockaroacha: folds 
ZzZzZzZzSsZ: raises 685 to 985
Gabrielfs13: folds 
Millhouse4: folds 
TheBearHoney: folds 
Uncalled bet (685) returned to ZzZzZzZzSsZ
ZzZzZzZzSsZ collected 985 from pot
*** SUMMARY ***
Total pot 985 | Rake 0 
Seat 1: ZzZzZzZzSsZ (button) collected (985)
Seat 2: Gabrielfs13 (small blind) folded before Flop
Seat 3: Millhouse4 (big blind) folded before Flop
Seat 4: Hadajktosom folded before Flop (didn't bet)
Seat 5: Bee Larus folded before Flop (didn't bet)
Seat 6: TheBearHoney folded before Flop
Seat 7: kawocola folded before Flop (didn't bet)
Seat 8: LeCockaroacha folded before Flop (didn't bet)



PokerStars Hand #257060102461: Tournament #3910306854, $4.80+$5.00+$1.20 USD Hold'em No Limit - Level VIII (75/150) - 2025/07/23 14:50:59 BRT [2025/07/23 13:50:59 ET]
Table '3910306854 51' 8-max Seat #2 is the button
Seat 1: ZzZzZzZzSsZ (5320 in chips, $5 bounty) 
Seat 2: Gabrielfs13 (5972 in chips, $7.50 bounty) 
Seat 3: Millhouse4 (4800 in chips, $5 bounty) 
Seat 4: Hadajktosom (6322 in chips, $7.50 bounty) 
Seat 5: Bee Larus (10175 in chips, $7.50 bounty) 
Seat 6: TheBearHoney (12175 in chips, $5 bounty) 
Seat 7: kawocola (4657 in chips, $5 bounty) 
Seat 8: LeCockaroacha (4003 in chips, $5 bounty) 
ZzZzZzZzSsZ: posts the ante 20
Gabrielfs13: posts the ante 20
Millhouse4: posts the ante 20
Hadajktosom: posts the ante 20
Bee Larus: posts the ante 20
TheBearHoney: posts the ante 20
kawocola: posts the ante 20
LeCockaroacha: posts the ante 20
Millhouse4: posts small blind 75
Hadajktosom: posts big blind 150
*** HOLE CARDS ***
Dealt to Gabrielfs13 [Kh Qc]
Bee Larus: folds 
TheBearHoney: folds 
kawocola: folds 
LeCockaroacha: raises 150 to 300
ZzZzZzZzSsZ: calls 300
Gabrielfs13: calls 300
Millhouse4: calls 225
Hadajktosom: folds 
*** FLOP *** [6h 7c Jd]
Millhouse4: checks 
LeCockaroacha: checks 
ZzZzZzZzSsZ: checks 
Gabrielfs13: checks 
*** TURN *** [6h 7c Jd] [7s]
Millhouse4: checks 
LeCockaroacha: checks 
ZzZzZzZzSsZ: checks 
Gabrielfs13: checks 
*** RIVER *** [6h 7c Jd 7s] [5h]
Millhouse4: checks 
LeCockaroacha: checks 
ZzZzZzZzSsZ: checks 
Gabrielfs13: checks 
*** SHOW DOWN ***
Millhouse4: shows [6c Ac] (two pair, Sevens and Sixes)
LeCockaroacha: mucks hand 
ZzZzZzZzSsZ: mucks hand 
Gabrielfs13: mucks hand 
Millhouse4 collected 1510 from pot
*** SUMMARY ***
Total pot 1510 | Rake 0 
Board [6h 7c Jd 7s 5h]
Seat 1: ZzZzZzZzSsZ mucked [Ah 4h]
Seat 2: Gabrielfs13 (button) mucked [Kh Qc]
Seat 3: Millhouse4 (small blind) showed [6c Ac] and won (1510) with two pair, Sevens and Sixes
Seat 4: Hadajktosom (big blind) folded before Flop
Seat 5: Bee Larus folded before Flop (didn't bet)
Seat 6: TheBearHoney folded before Flop (didn't bet)
Seat 7: kawocola folded before Flop (didn't bet)
Seat 8: LeCockaroacha mucked [Td Ad]



PokerStars Hand #257060124713: Tournament #3910306854, $4.80+$5.00+$1.20 USD Hold'em No Limit - Level VIII (75/150) - 2025/07/23 14:52:47 BRT [2025/07/23 13:52:47 ET]
Table '3910306854 51' 8-max Seat #3 is the button
Seat 1: ZzZzZzZzSsZ (5000 in chips, $5 bounty) 
Seat 2: Gabrielfs13 (5652 in chips, $7.50 bounty) 
Seat 3: Millhouse4 (5990 in chips, $5 bounty) 
Seat 4: Hadajktosom (6152 in chips, $7.50 bounty) 
Seat 5: Bee Larus (10155 in chips, $7.50 bounty) 
Seat 6: TheBearHoney (12155 in chips, $5 bounty) 
Seat 7: kawocola (4637 in chips, $5 bounty) 
Seat 8: LeCockaroacha (3683 in chips, $5 bounty) 
ZzZzZzZzSsZ: posts the ante 20
Gabrielfs13: posts the ante 20
Millhouse4: posts the ante 20
Hadajktosom: posts the ante 20
Bee Larus: posts the ante 20
TheBearHoney: posts the ante 20
kawocola: posts the ante 20
LeCockaroacha: posts the ante 20
Hadajktosom: posts small blind 75
Bee Larus: posts big blind 150
*** HOLE CARDS ***
Dealt to Gabrielfs13 [9h Ks]
TheBearHoney has timed out
TheBearHoney: folds 
TheBearHoney is sitting out
kawocola: folds 
LeCockaroacha: folds 
ZzZzZzZzSsZ: folds 
Gabrielfs13: folds 
Millhouse4: folds 
Hadajktosom: folds 
Uncalled bet (75) returned to Bee Larus
Bee Larus collected 310 from pot
Bee Larus: doesn't show hand 
*** SUMMARY ***
Total pot 310 | Rake 0 
Seat 1: ZzZzZzZzSsZ folded before Flop (didn't bet)
Seat 2: Gabrielfs13 folded before Flop (didn't bet)
Seat 3: Millhouse4 (button) folded before Flop (didn't bet)
Seat 4: Hadajktosom (small blind) folded before Flop
Seat 5: Bee Larus (big blind) collected (310)
Seat 6: TheBearHoney folded before Flop (didn't bet)
Seat 7: kawocola folded before Flop (didn't bet)
Seat 8: LeCockaroacha folded before Flop (didn't bet)



PokerStars Hand #257060130246: Tournament #3910306854, $4.80+$5.00+$1.20 USD Hold'em No Limit - Level VIII (75/150) - 2025/07/23 14:53:14 BRT [2025/07/23 13:53:14 ET]
Table '3910306854 51' 8-max Seat #4 is the button
Seat 1: ZzZzZzZzSsZ (4980 in chips, $5 bounty) 
Seat 2: Gabrielfs13 (5632 in chips, $7.50 bounty) 
Seat 3: Millhouse4 (5970 in chips, $5 bounty) 
Seat 4: Hadajktosom (6057 in chips, $7.50 bounty) 
Seat 5: Bee Larus (10370 in chips, $7.50 bounty) 
Seat 6: TheBearHoney (12135 in chips, $5 bounty) is sitting out
Seat 7: kawocola (4617 in chips, $5 bounty) 
Seat 8: LeCockaroacha (3663 in chips, $5 bounty) 
ZzZzZzZzSsZ: posts the ante 20
Gabrielfs13: posts the ante 20
Millhouse4: posts the ante 20
Hadajktosom: posts the ante 20
Bee Larus: posts the ante 20
TheBearHoney: posts the ante 20
kawocola: posts the ante 20
LeCockaroacha: posts the ante 20
Bee Larus: posts small blind 75
TheBearHoney: posts big blind 150
*** HOLE CARDS ***
Dealt to Gabrielfs13 [Td 2c]
kawocola: folds 
LeCockaroacha: folds 
TheBearHoney has returned
ZzZzZzZzSsZ: folds 
Gabrielfs13: folds 
Millhouse4: folds 
Hadajktosom: folds 
Bee Larus: raises 300 to 450
TheBearHoney: calls 300
*** FLOP *** [3c Ad Kh]
Bee Larus: checks 
TheBearHoney: checks 
*** TURN *** [3c Ad Kh] [6s]
Bee Larus: bets 700
TheBearHoney: folds 
Uncalled bet (700) returned to Bee Larus
Bee Larus collected 1060 from pot
Bee Larus: doesn't show hand 
*** SUMMARY ***
Total pot 1060 | Rake 0 
Board [3c Ad Kh 6s]
Seat 1: ZzZzZzZzSsZ folded before Flop (didn't bet)
Seat 2: Gabrielfs13 folded before Flop (didn't bet)
Seat 3: Millhouse4 folded before Flop (didn't bet)
Seat 4: Hadajktosom (button) folded before Flop (didn't bet)
Seat 5: Bee Larus (small blind) collected (1060)
Seat 6: TheBearHoney (big blind) folded on the Turn
Seat 7: kawocola folded before Flop (didn't bet)
Seat 8: LeCockaroacha folded before Flop (didn't bet)



PokerStars Hand #257060140707: Tournament #3910306854, $4.80+$5.00+$1.20 USD Hold'em No Limit - Level VIII (75/150) - 2025/07/23 14:54:06 BRT [2025/07/23 13:54:06 ET]
Table '3910306854 51' 8-max Seat #5 is the button
Seat 1: ZzZzZzZzSsZ (4960 in chips, $5 bounty) 
Seat 2: Gabrielfs13 (5612 in chips, $7.50 bounty) 
Seat 3: Millhouse4 (5950 in chips, $5 bounty) 
Seat 4: Hadajktosom (6037 in chips, $7.50 bounty) 
Seat 5: Bee Larus (10960 in chips, $7.50 bounty) 
Seat 6: TheBearHoney (11665 in chips, $5 bounty) 
Seat 7: kawocola (4597 in chips, $5 bounty) 
Seat 8: LeCockaroacha (3643 in chips, $5 bounty) 
ZzZzZzZzSsZ: posts the ante 20
Gabrielfs13: posts the ante 20
Millhouse4: posts the ante 20
Hadajktosom: posts the ante 20
Bee Larus: posts the ante 20
TheBearHoney: posts the ante 20
kawocola: posts the ante 20
LeCockaroacha: posts the ante 20
TheBearHoney: posts small blind 75
kawocola: posts big blind 150
*** HOLE CARDS ***
Dealt to Gabrielfs13 [7d 6s]
LeCockaroacha: folds 
ZzZzZzZzSsZ: folds 
Gabrielfs13: folds 
Millhouse4: raises 150 to 300
Hadajktosom: folds 
Bee Larus: folds 
TheBearHoney: folds 
kawocola: calls 150
*** FLOP *** [8c 2c 2d]
kawocola: checks 
Millhouse4: bets 276
kawocola: raises 472 to 748
Millhouse4: calls 472
*** TURN *** [8c 2c 2d] [Th]
kawocola: bets 1096
Millhouse4: raises 3786 to 4882 and is all-in
kawocola: folds [8s]
Uncalled bet (3786) returned to Millhouse4
Millhouse4 collected 4523 from pot
Millhouse4: doesn't show hand 
*** SUMMARY ***
Total pot 4523 | Rake 0 
Board [8c 2c 2d Th]
Seat 1: ZzZzZzZzSsZ folded before Flop (didn't bet)
Seat 2: Gabrielfs13 folded before Flop (didn't bet)
Seat 3: Millhouse4 collected (4523)
Seat 4: Hadajktosom folded before Flop (didn't bet)
Seat 5: Bee Larus (button) folded before Flop (didn't bet)
Seat 6: TheBearHoney (small blind) folded before Flop
Seat 7: kawocola (big blind) folded on the Turn
Seat 8: LeCockaroacha folded before Flop (didn't bet)



PokerStars Hand #257060212938: Tournament #3910306854, $4.80+$5.00+$1.20 USD Hold'em No Limit - Level IX (100/200) - 2025/07/23 15:01:41 BRT [2025/07/23 14:01:41 ET]
Table '3910306854 51' 8-max Seat #6 is the button
Seat 1: ZzZzZzZzSsZ (4940 in chips, $5 bounty) 
Seat 2: Gabrielfs13 (5592 in chips, $7.50 bounty) 
Seat 3: Millhouse4 (8309 in chips, $5 bounty) 
Seat 4: Hadajktosom (6017 in chips, $7.50 bounty) 
Seat 5: Bee Larus (10940 in chips, $7.50 bounty) 
Seat 6: TheBearHoney (11570 in chips, $5 bounty) 
Seat 7: kawocola (2433 in chips, $5 bounty) 
Seat 8: LeCockaroacha (3623 in chips, $5 bounty) 
ZzZzZzZzSsZ: posts the ante 25
Gabrielfs13: posts the ante 25
Millhouse4: posts the ante 25
Hadajktosom: posts the ante 25
Bee Larus: posts the ante 25
TheBearHoney: posts the ante 25
kawocola: posts the ante 25
LeCockaroacha: posts the ante 25
kawocola: posts small blind 100
LeCockaroacha: posts big blind 200
*** HOLE CARDS ***
Dealt to Gabrielfs13 [Qs 2c]
ZzZzZzZzSsZ: folds 
Gabrielfs13: folds 
Millhouse4: raises 200 to 400
Hadajktosom: folds 
Bee Larus: folds 
TheBearHoney: folds 
kawocola: calls 300
LeCockaroacha: folds 
*** FLOP *** [8s 9c Kd]
kawocola: checks 
Millhouse4: checks 
*** TURN *** [8s 9c Kd] [9s]
kawocola: bets 408
Millhouse4: folds 
Uncalled bet (408) returned to kawocola
kawocola collected 1200 from pot
kawocola: doesn't show hand 
*** SUMMARY ***
Total pot 1200 | Rake 0 
Board [8s 9c Kd 9s]
Seat 1: ZzZzZzZzSsZ folded before Flop (didn't bet)
Seat 2: Gabrielfs13 folded before Flop (didn't bet)
Seat 3: Millhouse4 folded on the Turn
Seat 4: Hadajktosom folded before Flop (didn't bet)
Seat 5: Bee Larus folded before Flop (didn't bet)
Seat 6: TheBearHoney (button) folded before Flop (didn't bet)
Seat 7: kawocola (small blind) collected (1200)
Seat 8: LeCockaroacha (big blind) folded before Flop



PokerStars Hand #257060223974: Tournament #3910306854, $4.80+$5.00+$1.20 USD Hold'em No Limit - Level IX (100/200) - 2025/07/23 15:02:35 BRT [2025/07/23 14:02:35 ET]
Table '3910306854 51' 8-max Seat #7 is the button
Seat 1: ZzZzZzZzSsZ (4915 in chips, $5 bounty) 
Seat 2: Gabrielfs13 (5567 in chips, $7.50 bounty) 
Seat 3: Millhouse4 (7884 in chips, $5 bounty) 
Seat 4: Hadajktosom (5992 in chips, $7.50 bounty) 
Seat 5: Bee Larus (10915 in chips, $7.50 bounty) 
Seat 6: TheBearHoney (11545 in chips, $5 bounty) 
Seat 7: kawocola (3208 in chips, $5 bounty) 
Seat 8: LeCockaroacha (3398 in chips, $5 bounty) 
ZzZzZzZzSsZ: posts the ante 25
Gabrielfs13: posts the ante 25
Millhouse4: posts the ante 25
Hadajktosom: posts the ante 25
Bee Larus: posts the ante 25
TheBearHoney: posts the ante 25
kawocola: posts the ante 25
LeCockaroacha: posts the ante 25
LeCockaroacha: posts small blind 100
ZzZzZzZzSsZ: posts big blind 200
*** HOLE CARDS ***
Dealt to Gabrielfs13 [Jh 4c]
Gabrielfs13: folds 
Millhouse4: folds 
Hadajktosom: raises 250 to 450
Bee Larus: folds 
TheBearHoney: folds 
kawocola: folds 
LeCockaroacha: folds 
ZzZzZzZzSsZ: calls 250
*** FLOP *** [9c 3h 6h]
ZzZzZzZzSsZ: checks 
Hadajktosom: bets 300
ZzZzZzZzSsZ: raises 1800 to 2100
Hadajktosom: folds 
Uncalled bet (1800) returned to ZzZzZzZzSsZ
ZzZzZzZzSsZ collected 1800 from pot
*** SUMMARY ***
Total pot 1800 | Rake 0 
Board [9c 3h 6h]
Seat 1: ZzZzZzZzSsZ (big blind) collected (1800)
Seat 2: Gabrielfs13 folded before Flop (didn't bet)
Seat 3: Millhouse4 folded before Flop (didn't bet)
Seat 4: Hadajktosom folded on the Flop
Seat 5: Bee Larus folded before Flop (didn't bet)
Seat 6: TheBearHoney folded before Flop (didn't bet)
Seat 7: kawocola (button) folded before Flop (didn't bet)
Seat 8: LeCockaroacha (small blind) folded before Flop



PokerStars Hand #257060234384: Tournament #3910306854, $4.80+$5.00+$1.20 USD Hold'em No Limit - Level IX (100/200) - 2025/07/23 15:03:26 BRT [2025/07/23 14:03:26 ET]
Table '3910306854 51' 8-max Seat #8 is the button
Seat 1: ZzZzZzZzSsZ (5940 in chips, $5 bounty) 
Seat 2: Gabrielfs13 (5542 in chips, $7.50 bounty) 
Seat 3: Millhouse4 (7859 in chips, $5 bounty) 
Seat 4: Hadajktosom (5217 in chips, $7.50 bounty) 
Seat 5: Bee Larus (10890 in chips, $7.50 bounty) 
Seat 6: TheBearHoney (11520 in chips, $5 bounty) 
Seat 7: kawocola (3183 in chips, $5 bounty) 
Seat 8: LeCockaroacha (3273 in chips, $5 bounty) 
ZzZzZzZzSsZ: posts the ante 25
Gabrielfs13: posts the ante 25
Millhouse4: posts the ante 25
Hadajktosom: posts the ante 25
Bee Larus: posts the ante 25
TheBearHoney: posts the ante 25
kawocola: posts the ante 25
LeCockaroacha: posts the ante 25
ZzZzZzZzSsZ: posts small blind 100
Gabrielfs13: posts big blind 200
*** HOLE CARDS ***
Dealt to Gabrielfs13 [3s Qh]
Millhouse4: raises 200 to 400
Hadajktosom: folds 
Bee Larus: folds 
TheBearHoney: folds 
kawocola: folds 
LeCockaroacha: folds 
ZzZzZzZzSsZ: folds 
Gabrielfs13: folds 
Uncalled bet (200) returned to Millhouse4
Millhouse4 collected 700 from pot
Millhouse4: doesn't show hand 
*** SUMMARY ***
Total pot 700 | Rake 0 
Seat 1: ZzZzZzZzSsZ (small blind) folded before Flop
Seat 2: Gabrielfs13 (big blind) folded before Flop
Seat 3: Millhouse4 collected (700)
Seat 4: Hadajktosom folded before Flop (didn't bet)
Seat 5: Bee Larus folded before Flop (didn't bet)
Seat 6: TheBearHoney folded before Flop (didn't bet)
Seat 7: kawocola folded before Flop (didn't bet)
Seat 8: LeCockaroacha (button) folded before Flop (didn't bet)



PokerStars Hand #257060240118: Tournament #3910306854, $4.80+$5.00+$1.20 USD Hold'em No Limit - Level IX (100/200) - 2025/07/23 15:03:54 BRT [2025/07/23 14:03:54 ET]
Table '3910306854 51' 8-max Seat #1 is the button
Seat 1: ZzZzZzZzSsZ (5815 in chips, $5 bounty) 
Seat 2: Gabrielfs13 (5317 in chips, $7.50 bounty) 
Seat 3: Millhouse4 (8334 in chips, $5 bounty) 
Seat 4: Hadajktosom (5192 in chips, $7.50 bounty) 
Seat 5: Bee Larus (10865 in chips, $7.50 bounty) 
Seat 6: TheBearHoney (11495 in chips, $5 bounty) 
Seat 7: kawocola (3158 in chips, $5 bounty) 
Seat 8: LeCockaroacha (3248 in chips, $5 bounty) 
ZzZzZzZzSsZ: posts the ante 25
Gabrielfs13: posts the ante 25
Millhouse4: posts the ante 25
Hadajktosom: posts the ante 25
Bee Larus: posts the ante 25
TheBearHoney: posts the ante 25
kawocola: posts the ante 25
LeCockaroacha: posts the ante 25
Gabrielfs13: posts small blind 100
Millhouse4: posts big blind 200
*** HOLE CARDS ***
Dealt to Gabrielfs13 [9d Ts]
Hadajktosom: folds 
Bee Larus: folds 
TheBearHoney: folds 
kawocola: raises 248 to 448
LeCockaroacha: folds 
ZzZzZzZzSsZ: raises 448 to 896
Gabrielfs13: folds 
Millhouse4: raises 7413 to 8309 and is all-in
kawocola: folds 
ZzZzZzZzSsZ: folds 
Uncalled bet (7413) returned to Millhouse4
Millhouse4 collected 2540 from pot
Millhouse4: doesn't show hand 
*** SUMMARY ***
Total pot 2540 | Rake 0 
Seat 1: ZzZzZzZzSsZ (button) folded before Flop
Seat 2: Gabrielfs13 (small blind) folded before Flop
Seat 3: Millhouse4 (big blind) collected (2540)
Seat 4: Hadajktosom folded before Flop (didn't bet)
Seat 5: Bee Larus folded before Flop (didn't bet)
Seat 6: TheBearHoney folded before Flop (didn't bet)
Seat 7: kawocola folded before Flop
Seat 8: LeCockaroacha folded before Flop (didn't bet)



PokerStars Hand #257060253032: Tournament #3910306854, $4.80+$5.00+$1.20 USD Hold'em No Limit - Level IX (100/200) - 2025/07/23 15:04:58 BRT [2025/07/23 14:04:58 ET]
Table '3910306854 51' 8-max Seat #2 is the button
Seat 1: ZzZzZzZzSsZ (4894 in chips, $5 bounty) 
Seat 2: Gabrielfs13 (5192 in chips, $7.50 bounty) 
Seat 3: Millhouse4 (9953 in chips, $5 bounty) 
Seat 4: Hadajktosom (5167 in chips, $7.50 bounty) 
Seat 5: Bee Larus (10840 in chips, $7.50 bounty) 
Seat 6: TheBearHoney (11470 in chips, $5 bounty) 
Seat 7: kawocola (2685 in chips, $5 bounty) 
Seat 8: LeCockaroacha (3223 in chips, $5 bounty) 
ZzZzZzZzSsZ: posts the ante 25
Gabrielfs13: posts the ante 25
Millhouse4: posts the ante 25
Hadajktosom: posts the ante 25
Bee Larus: posts the ante 25
TheBearHoney: posts the ante 25
kawocola: posts the ante 25
LeCockaroacha: posts the ante 25
Millhouse4: posts small blind 100
Hadajktosom: posts big blind 200
*** HOLE CARDS ***
Dealt to Gabrielfs13 [4d Js]
Bee Larus: folds 
TheBearHoney: folds 
kawocola: folds 
LeCockaroacha: folds 
ZzZzZzZzSsZ: raises 200 to 400
Gabrielfs13: folds 
Millhouse4: folds 
Hadajktosom: folds 
Uncalled bet (200) returned to ZzZzZzZzSsZ
ZzZzZzZzSsZ collected 700 from pot
*** SUMMARY ***
Total pot 700 | Rake 0 
Seat 1: ZzZzZzZzSsZ collected (700)
Seat 2: Gabrielfs13 (button) folded before Flop (didn't bet)
Seat 3: Millhouse4 (small blind) folded before Flop
Seat 4: Hadajktosom (big blind) folded before Flop
Seat 5: Bee Larus folded before Flop (didn't bet)
Seat 6: TheBearHoney folded before Flop (didn't bet)
Seat 7: kawocola folded before Flop (didn't bet)
Seat 8: LeCockaroacha folded before Flop (didn't bet)



PokerStars Hand #257060257302: Tournament #3910306854, $4.80+$5.00+$1.20 USD Hold'em No Limit - Level IX (100/200) - 2025/07/23 15:05:18 BRT [2025/07/23 14:05:18 ET]
Table '3910306854 51' 8-max Seat #3 is the button
Seat 1: ZzZzZzZzSsZ (5369 in chips, $5 bounty) 
Seat 2: Gabrielfs13 (5167 in chips, $7.50 bounty) 
Seat 3: Millhouse4 (9828 in chips, $5 bounty) 
Seat 4: Hadajktosom (4942 in chips, $7.50 bounty) 
Seat 5: Bee Larus (10815 in chips, $7.50 bounty) 
Seat 6: TheBearHoney (11445 in chips, $5 bounty) 
Seat 7: kawocola (2660 in chips, $5 bounty) 
Seat 8: LeCockaroacha (3198 in chips, $5 bounty) 
ZzZzZzZzSsZ: posts the ante 25
Gabrielfs13: posts the ante 25
Millhouse4: posts the ante 25
Hadajktosom: posts the ante 25
Bee Larus: posts the ante 25
TheBearHoney: posts the ante 25
kawocola: posts the ante 25
LeCockaroacha: posts the ante 25
Hadajktosom: posts small blind 100
Bee Larus: posts big blind 200
*** HOLE CARDS ***
Dealt to Gabrielfs13 [3s 8c]
TheBearHoney: folds 
kawocola: folds 
LeCockaroacha: folds 
ZzZzZzZzSsZ: folds 
Gabrielfs13: folds 
Millhouse4: folds 
Hadajktosom: calls 100
Bee Larus: checks 
*** FLOP *** [3c 3d 7h]
Hadajktosom: checks 
Bee Larus: checks 
*** TURN *** [3c 3d 7h] [Tc]
Hadajktosom: bets 200
Bee Larus: calls 200
*** RIVER *** [3c 3d 7h Tc] [2d]
Hadajktosom: bets 550
Bee Larus: folds 
Uncalled bet (550) returned to Hadajktosom
Hadajktosom collected 1000 from pot
Hadajktosom: doesn't show hand 
*** SUMMARY ***
Total pot 1000 | Rake 0 
Board [3c 3d 7h Tc 2d]
Seat 1: ZzZzZzZzSsZ folded before Flop (didn't bet)
Seat 2: Gabrielfs13 folded before Flop (didn't bet)
Seat 3: Millhouse4 (button) folded before Flop (didn't bet)
Seat 4: Hadajktosom (small blind) collected (1000)
Seat 5: Bee Larus (big blind) folded on the River
Seat 6: TheBearHoney folded before Flop (didn't bet)
Seat 7: kawocola folded before Flop (didn't bet)
Seat 8: LeCockaroacha folded before Flop (didn't bet)



PokerStars Hand #257060266017: Tournament #3910306854, $4.80+$5.00+$1.20 USD Hold'em No Limit - Level IX (100/200) - 2025/07/23 15:06:01 BRT [2025/07/23 14:06:01 ET]
Table '3910306854 51' 8-max Seat #4 is the button
Seat 1: ZzZzZzZzSsZ (5344 in chips, $5 bounty) 
Seat 2: Gabrielfs13 (5142 in chips, $7.50 bounty) 
Seat 3: Millhouse4 (9803 in chips, $5 bounty) 
Seat 4: Hadajktosom (5517 in chips, $7.50 bounty) 
Seat 5: Bee Larus (10390 in chips, $7.50 bounty) 
Seat 6: TheBearHoney (11420 in chips, $5 bounty) 
Seat 7: kawocola (2635 in chips, $5 bounty) 
Seat 8: LeCockaroacha (3173 in chips, $5 bounty) 
ZzZzZzZzSsZ: posts the ante 25
Gabrielfs13: posts the ante 25
Millhouse4: posts the ante 25
Hadajktosom: posts the ante 25
Bee Larus: posts the ante 25
TheBearHoney: posts the ante 25
kawocola: posts the ante 25
LeCockaroacha: posts the ante 25
Bee Larus: posts small blind 100
TheBearHoney: posts big blind 200
*** HOLE CARDS ***
Dealt to Gabrielfs13 [Kh 6s]
kawocola: folds 
LeCockaroacha: folds 
ZzZzZzZzSsZ: raises 200 to 400
Gabrielfs13: folds 
Millhouse4: folds 
Hadajktosom: folds 
Bee Larus: folds 
TheBearHoney: folds 
Uncalled bet (200) returned to ZzZzZzZzSsZ
ZzZzZzZzSsZ collected 700 from pot
*** SUMMARY ***
Total pot 700 | Rake 0 
Seat 1: ZzZzZzZzSsZ collected (700)
Seat 2: Gabrielfs13 folded before Flop (didn't bet)
Seat 3: Millhouse4 folded before Flop (didn't bet)
Seat 4: Hadajktosom (button) folded before Flop (didn't bet)
Seat 5: Bee Larus (small blind) folded before Flop
Seat 6: TheBearHoney (big blind) folded before Flop
Seat 7: kawocola folded before Flop (didn't bet)
Seat 8: LeCockaroacha folded before Flop (didn't bet)



PokerStars Hand #257060268783: Tournament #3910306854, $4.80+$5.00+$1.20 USD Hold'em No Limit - Level IX (100/200) - 2025/07/23 15:06:14 BRT [2025/07/23 14:06:14 ET]
Table '3910306854 51' 8-max Seat #5 is the button
Seat 1: ZzZzZzZzSsZ (5819 in chips, $5 bounty) 
Seat 2: Gabrielfs13 (5117 in chips, $7.50 bounty) 
Seat 3: Millhouse4 (9778 in chips, $5 bounty) 
Seat 4: Hadajktosom (5492 in chips, $7.50 bounty) 
Seat 5: Bee Larus (10265 in chips, $7.50 bounty) 
Seat 6: TheBearHoney (11195 in chips, $5 bounty) 
Seat 7: kawocola (2610 in chips, $5 bounty) 
Seat 8: LeCockaroacha (3148 in chips, $5 bounty) 
ZzZzZzZzSsZ: posts the ante 25
Gabrielfs13: posts the ante 25
Millhouse4: posts the ante 25
Hadajktosom: posts the ante 25
Bee Larus: posts the ante 25
TheBearHoney: posts the ante 25
kawocola: posts the ante 25
LeCockaroacha: posts the ante 25
TheBearHoney: posts small blind 100
kawocola: posts big blind 200
*** HOLE CARDS ***
Dealt to Gabrielfs13 [5c 8c]
LeCockaroacha: folds 
ZzZzZzZzSsZ: folds 
Gabrielfs13: folds 
Millhouse4: folds 
Hadajktosom: raises 200 to 400
Bee Larus: raises 920 to 1320
TheBearHoney: folds 
kawocola: folds 
Hadajktosom: folds 
Uncalled bet (920) returned to Bee Larus
Bee Larus collected 1300 from pot
Bee Larus: doesn't show hand 
*** SUMMARY ***
Total pot 1300 | Rake 0 
Seat 1: ZzZzZzZzSsZ folded before Flop (didn't bet)
Seat 2: Gabrielfs13 folded before Flop (didn't bet)
Seat 3: Millhouse4 folded before Flop (didn't bet)
Seat 4: Hadajktosom folded before Flop
Seat 5: Bee Larus (button) collected (1300)
Seat 6: TheBearHoney (small blind) folded before Flop
Seat 7: kawocola (big blind) folded before Flop
Seat 8: LeCockaroacha folded before Flop (didn't bet)



PokerStars Hand #257060274392: Tournament #3910306854, $4.80+$5.00+$1.20 USD Hold'em No Limit - Level X (125/250) - 2025/07/23 15:06:41 BRT [2025/07/23 14:06:41 ET]
Table '3910306854 51' 8-max Seat #6 is the button
Seat 1: ZzZzZzZzSsZ (5794 in chips, $5 bounty) 
Seat 2: Gabrielfs13 (5092 in chips, $7.50 bounty) 
Seat 3: Millhouse4 (9753 in chips, $5 bounty) 
Seat 4: Hadajktosom (5067 in chips, $7.50 bounty) 
Seat 5: Bee Larus (11140 in chips, $7.50 bounty) 
Seat 6: TheBearHoney (11070 in chips, $5 bounty) 
Seat 7: kawocola (2385 in chips, $5 bounty) 
Seat 8: LeCockaroacha (3123 in chips, $5 bounty) 
ZzZzZzZzSsZ: posts the ante 30
Gabrielfs13: posts the ante 30
Millhouse4: posts the ante 30
Hadajktosom: posts the ante 30
Bee Larus: posts the ante 30
TheBearHoney: posts the ante 30
kawocola: posts the ante 30
LeCockaroacha: posts the ante 30
kawocola: posts small blind 125
LeCockaroacha: posts big blind 250
*** HOLE CARDS ***
Dealt to Gabrielfs13 [Jd 2s]
ZzZzZzZzSsZ: folds 
Gabrielfs13: folds 
Millhouse4: folds 
Hadajktosom: folds 
Bee Larus: folds 
TheBearHoney: folds 
kawocola: raises 2105 to 2355 and is all-in
LeCockaroacha: folds 
Uncalled bet (2105) returned to kawocola
kawocola collected 740 from pot
kawocola: doesn't show hand 
*** SUMMARY ***
Total pot 740 | Rake 0 
Seat 1: ZzZzZzZzSsZ folded before Flop (didn't bet)
Seat 2: Gabrielfs13 folded before Flop (didn't bet)
Seat 3: Millhouse4 folded before Flop (didn't bet)
Seat 4: Hadajktosom folded before Flop (didn't bet)
Seat 5: Bee Larus folded before Flop (didn't bet)
Seat 6: TheBearHoney (button) folded before Flop (didn't bet)
Seat 7: kawocola (small blind) collected (740)
Seat 8: LeCockaroacha (big blind) folded before Flop



PokerStars Hand #257060279896: Tournament #3910306854, $4.80+$5.00+$1.20 USD Hold'em No Limit - Level X (125/250) - 2025/07/23 15:07:08 BRT [2025/07/23 14:07:08 ET]
Table '3910306854 51' 8-max Seat #7 is the button
Seat 1: ZzZzZzZzSsZ (5764 in chips, $5 bounty) 
Seat 2: Gabrielfs13 (5062 in chips, $7.50 bounty) 
Seat 3: Millhouse4 (9723 in chips, $5 bounty) 
Seat 4: Hadajktosom (5037 in chips, $7.50 bounty) 
Seat 5: Bee Larus (11110 in chips, $7.50 bounty) 
Seat 6: TheBearHoney (11040 in chips, $5 bounty) 
Seat 7: kawocola (2845 in chips, $5 bounty) 
Seat 8: LeCockaroacha (2843 in chips, $5 bounty) 
ZzZzZzZzSsZ: posts the ante 30
Gabrielfs13: posts the ante 30
Millhouse4: posts the ante 30
Hadajktosom: posts the ante 30
Bee Larus: posts the ante 30
TheBearHoney: posts the ante 30
kawocola: posts the ante 30
LeCockaroacha: posts the ante 30
LeCockaroacha: posts small blind 125
ZzZzZzZzSsZ: posts big blind 250
*** HOLE CARDS ***
Dealt to Gabrielfs13 [As 7h]
Gabrielfs13: folds 
Millhouse4: folds 
Hadajktosom: folds 
Bee Larus: folds 
TheBearHoney: folds 
kawocola: folds 
LeCockaroacha: folds 
Uncalled bet (125) returned to ZzZzZzZzSsZ
ZzZzZzZzSsZ collected 490 from pot
*** SUMMARY ***
Total pot 490 | Rake 0 
Seat 1: ZzZzZzZzSsZ (big blind) collected (490)
Seat 2: Gabrielfs13 folded before Flop (didn't bet)
Seat 3: Millhouse4 folded before Flop (didn't bet)
Seat 4: Hadajktosom folded before Flop (didn't bet)
Seat 5: Bee Larus folded before Flop (didn't bet)
Seat 6: TheBearHoney folded before Flop (didn't bet)
Seat 7: kawocola (button) folded before Flop (didn't bet)
Seat 8: LeCockaroacha (small blind) folded before Flop



PokerStars Hand #257060285241: Tournament #3910306854, $4.80+$5.00+$1.20 USD Hold'em No Limit - Level X (125/250) - 2025/07/23 15:07:34 BRT [2025/07/23 14:07:34 ET]
Table '3910306854 51' 8-max Seat #8 is the button
Seat 1: ZzZzZzZzSsZ (6099 in chips, $5 bounty) 
Seat 2: Gabrielfs13 (5032 in chips, $7.50 bounty) 
Seat 3: Millhouse4 (9693 in chips, $5 bounty) 
Seat 4: Hadajktosom (5007 in chips, $7.50 bounty) 
Seat 5: Bee Larus (11080 in chips, $7.50 bounty) 
Seat 6: TheBearHoney (11010 in chips, $5 bounty) 
Seat 7: kawocola (2815 in chips, $5 bounty) 
Seat 8: LeCockaroacha (2688 in chips, $5 bounty) 
ZzZzZzZzSsZ: posts the ante 30
Gabrielfs13: posts the ante 30
Millhouse4: posts the ante 30
Hadajktosom: posts the ante 30
Bee Larus: posts the ante 30
TheBearHoney: posts the ante 30
kawocola: posts the ante 30
LeCockaroacha: posts the ante 30
ZzZzZzZzSsZ: posts small blind 125
Gabrielfs13: posts big blind 250
*** HOLE CARDS ***
Dealt to Gabrielfs13 [Js Kc]
Millhouse4: folds 
Hadajktosom: folds 
Bee Larus: folds 
TheBearHoney: folds 
kawocola: raises 2535 to 2785 and is all-in
LeCockaroacha: folds 
ZzZzZzZzSsZ: raises 3284 to 6069 and is all-in
Gabrielfs13: calls 4752 and is all-in
Uncalled bet (1067) returned to ZzZzZzZzSsZ
*** FLOP *** [6c 6h 8h]
*** TURN *** [6c 6h 8h] [4h]
*** RIVER *** [6c 6h 8h 4h] [2d]
*** SHOW DOWN ***
ZzZzZzZzSsZ: shows [Kh Jd] (a pair of Sixes)
Gabrielfs13: shows [Js Kc] (a pair of Sixes)
ZzZzZzZzSsZ collected 2217 from side pot
Gabrielfs13 collected 2217 from side pot
kawocola: shows [Jh 9h] (a flush, Jack high)
kawocola collected 8595 from main pot
*** SUMMARY ***
Total pot 13029 Main pot 8595. Side pot 4434. | Rake 0 
Board [6c 6h 8h 4h 2d]
Seat 1: ZzZzZzZzSsZ (small blind) showed [Kh Jd] and won (2217) with a pair of Sixes
Seat 2: Gabrielfs13 (big blind) showed [Js Kc] and won (2217) with a pair of Sixes
Seat 3: Millhouse4 folded before Flop (didn't bet)
Seat 4: Hadajktosom folded before Flop (didn't bet)
Seat 5: Bee Larus folded before Flop (didn't bet)
Seat 6: TheBearHoney folded before Flop (didn't bet)
Seat 7: kawocola showed [Jh 9h] and won (8595) with a flush, Jack high
Seat 8: LeCockaroacha (button) folded before Flop (didn't bet)



PokerStars Hand #257060292359: Tournament #3910306854, $4.80+$5.00+$1.20 USD Hold'em No Limit - Level X (125/250) - 2025/07/23 15:08:08 BRT [2025/07/23 14:08:08 ET]
Table '3910306854 51' 8-max Seat #1 is the button
Seat 1: ZzZzZzZzSsZ (3284 in chips, $5 bounty) 
Seat 2: Gabrielfs13 (2217 in chips, $7.50 bounty) 
Seat 3: Millhouse4 (9663 in chips, $5 bounty) 
Seat 4: Hadajktosom (4977 in chips, $7.50 bounty) 
Seat 5: Bee Larus (11050 in chips, $7.50 bounty) 
Seat 6: TheBearHoney (10980 in chips, $5 bounty) 
Seat 7: kawocola (8595 in chips, $5 bounty) 
Seat 8: LeCockaroacha (2658 in chips, $5 bounty) 
ZzZzZzZzSsZ: posts the ante 30
Gabrielfs13: posts the ante 30
Millhouse4: posts the ante 30
Hadajktosom: posts the ante 30
Bee Larus: posts the ante 30
TheBearHoney: posts the ante 30
kawocola: posts the ante 30
LeCockaroacha: posts the ante 30
Gabrielfs13: posts small blind 125
Millhouse4: posts big blind 250
*** HOLE CARDS ***
Dealt to Gabrielfs13 [7c Qc]
Hadajktosom: folds 
Bee Larus: raises 250 to 500
TheBearHoney: folds 
kawocola: calls 500
LeCockaroacha: folds 
ZzZzZzZzSsZ: folds 
Gabrielfs13: calls 375
Millhouse4: folds 
*** FLOP *** [6s 4h Jc]
Gabrielfs13: checks 
Bee Larus: bets 597
kawocola: folds 
Gabrielfs13: folds 
Uncalled bet (597) returned to Bee Larus
Bee Larus collected 1990 from pot
Bee Larus: doesn't show hand 
*** SUMMARY ***
Total pot 1990 | Rake 0 
Board [6s 4h Jc]
Seat 1: ZzZzZzZzSsZ (button) folded before Flop (didn't bet)
Seat 2: Gabrielfs13 (small blind) folded on the Flop
Seat 3: Millhouse4 (big blind) folded before Flop
Seat 4: Hadajktosom folded before Flop (didn't bet)
Seat 5: Bee Larus collected (1990)
Seat 6: TheBearHoney folded before Flop (didn't bet)
Seat 7: kawocola folded on the Flop
Seat 8: LeCockaroacha folded before Flop (didn't bet)



PokerStars Hand #257060302816: Tournament #3910306854, $4.80+$5.00+$1.20 USD Hold'em No Limit - Level X (125/250) - 2025/07/23 15:08:59 BRT [2025/07/23 14:08:59 ET]
Table '3910306854 51' 8-max Seat #2 is the button
Seat 1: ZzZzZzZzSsZ (3254 in chips, $5 bounty) 
Seat 2: Gabrielfs13 (1687 in chips, $7.50 bounty) 
Seat 3: Millhouse4 (9383 in chips, $5 bounty) 
Seat 4: Hadajktosom (4947 in chips, $7.50 bounty) 
Seat 5: Bee Larus (12510 in chips, $7.50 bounty) 
Seat 6: TheBearHoney (10950 in chips, $5 bounty) 
Seat 7: kawocola (8065 in chips, $5 bounty) 
Seat 8: LeCockaroacha (2628 in chips, $5 bounty) 
ZzZzZzZzSsZ: posts the ante 30
Gabrielfs13: posts the ante 30
Millhouse4: posts the ante 30
Hadajktosom: posts the ante 30
Bee Larus: posts the ante 30
TheBearHoney: posts the ante 30
kawocola: posts the ante 30
LeCockaroacha: posts the ante 30
Millhouse4: posts small blind 125
Hadajktosom: posts big blind 250
*** HOLE CARDS ***
Dealt to Gabrielfs13 [Th As]
Bee Larus: folds 
TheBearHoney: folds 
kawocola: raises 500 to 750
LeCockaroacha: folds 
ZzZzZzZzSsZ: folds 
Gabrielfs13: raises 907 to 1657 and is all-in
Millhouse4: folds 
Hadajktosom: raises 2843 to 4500
kawocola: raises 2843 to 7343
Hadajktosom: calls 417 and is all-in
Uncalled bet (2426) returned to kawocola
*** FLOP *** [3s Jh 3d]
*** TURN *** [3s Jh 3d] [9c]
*** RIVER *** [3s Jh 3d 9c] [Kh]
*** SHOW DOWN ***
Hadajktosom: shows [Ah Kd] (two pair, Kings and Threes)
kawocola: shows [9d 9h] (a full house, Nines full of Threes)
kawocola collected 6520 from side pot
Gabrielfs13: shows [Th As] (a pair of Threes)
kawocola collected 5336 from main pot
kawocola wins $3.75 for eliminating Gabrielfs13 and their own bounty increases by $3.75 to $8.75
kawocola wins $3.75 for eliminating Hadajktosom and their own bounty increases by $3.75 to $12.50
Hadajktosom finished the tournament
Gabrielfs13 finished the tournament
*** SUMMARY ***
Total pot 11856 Main pot 5336. Side pot 6520. | Rake 0 
Board [3s Jh 3d 9c Kh]
Seat 1: ZzZzZzZzSsZ folded before Flop (didn't bet)
Seat 2: Gabrielfs13 (button) showed [Th As] and lost with a pair of Threes
Seat 3: Millhouse4 (small blind) folded before Flop
Seat 4: Hadajktosom (big blind) showed [Ah Kd] and lost with two pair, Kings and Threes
Seat 5: Bee Larus folded before Flop (didn't bet)
Seat 6: TheBearHoney folded before Flop (didn't bet)
Seat 7: kawocola showed [9d 9h] and won (11856) with a full house, Nines full of Threes
Seat 8: LeCockaroacha folded before Flop (didn't bet)



