PokerStars Hand #257033986830: Tournament #3910308049, $4.80+$5.00+$1.20 USD Hold'em No Limit - Level I (25/50) - 2025/07/21 12:30:00 BRT [2025/07/21 11:30:00 ET]
Table '3910308049 36' 8-max Seat #1 is the button
Seat 1: Kafko (5000 in chips, $5 bounty) is sitting out
Seat 2: fanatik221 (5000 in chips, $5 bounty) 
Seat 3: Gabrielfs13 (5000 in chips, $5 bounty) 
Seat 4: Juniorke01 (5000 in chips, $5 bounty) 
Seat 5: rodsferraz (5000 in chips, $5 bounty) 
Seat 6: iwillkillset (5000 in chips, $5 bounty) 
Seat 7: ZhekaDOM (5000 in chips, $5 bounty) 
Seat 8: RobertYeghikyan (5000 in chips, $5 bounty) is sitting out
Kafko: posts the ante 8
fanatik221: posts the ante 8
Gabrielfs13: posts the ante 8
Juniorke01: posts the ante 8
rodsferraz: posts the ante 8
iwillkillset: posts the ante 8
ZhekaDOM: posts the ante 8
RobertYeghikyan: posts the ante 8
fanatik221: posts small blind 25
Gabrielfs13: posts big blind 50
*** HOLE CARDS ***
Dealt to Gabrielfs13 [7h 5c]
Juniorke01: folds 
rodsferraz: folds 
iwillkillset: folds 
ZhekaDOM: folds 
RobertYeghikyan: folds 
Kafko: folds 
fanatik221: raises 125 to 175
Gabrielfs13: calls 125
*** FLOP *** [4d Js As]
fanatik221: checks 
Gabrielfs13: checks 
*** TURN *** [4d Js As] [4c]
fanatik221: checks 
Gabrielfs13: bets 207
fanatik221: folds 
Uncalled bet (207) returned to Gabrielfs13
Gabrielfs13 collected 414 from pot
Gabrielfs13: doesn't show hand 
*** SUMMARY ***
Total pot 414 | Rake 0 
Board [4d Js As 4c]
Seat 1: Kafko (button) folded before Flop (didn't bet)
Seat 2: fanatik221 (small blind) folded on the Turn
Seat 3: Gabrielfs13 (big blind) collected (414)
Seat 4: Juniorke01 folded before Flop (didn't bet)
Seat 5: rodsferraz folded before Flop (didn't bet)
Seat 6: iwillkillset folded before Flop (didn't bet)
Seat 7: ZhekaDOM folded before Flop (didn't bet)
Seat 8: RobertYeghikyan folded before Flop (didn't bet)



PokerStars Hand #257033994271: Tournament #3910308049, $4.80+$5.00+$1.20 USD Hold'em No Limit - Level I (25/50) - 2025/07/21 12:30:44 BRT [2025/07/21 11:30:44 ET]
Table '3910308049 36' 8-max Seat #2 is the button
Seat 1: Kafko (4992 in chips, $5 bounty) is sitting out
Seat 2: fanatik221 (4817 in chips, $5 bounty) 
Seat 3: Gabrielfs13 (5231 in chips, $5 bounty) 
Seat 4: Juniorke01 (4992 in chips, $5 bounty) 
Seat 6: iwillkillset (4992 in chips, $5 bounty) 
Seat 7: ZhekaDOM (4992 in chips, $5 bounty) 
Seat 8: RobertYeghikyan (4992 in chips, $5 bounty) is sitting out
Kafko: posts the ante 8
fanatik221: posts the ante 8
Gabrielfs13: posts the ante 8
Juniorke01: posts the ante 8
iwillkillset: posts the ante 8
ZhekaDOM: posts the ante 8
RobertYeghikyan: posts the ante 8
Gabrielfs13: posts small blind 25
Juniorke01: posts big blind 50
*** HOLE CARDS ***
Dealt to Gabrielfs13 [6h 9c]
Cosbos is disconnected 
iwillkillset: folds 
ZhekaDOM: raises 50 to 100
RobertYeghikyan: folds 
Kafko: folds 
fanatik221: folds 
Gabrielfs13: folds 
Juniorke01: folds 
Uncalled bet (50) returned to ZhekaDOM
ZhekaDOM collected 181 from pot
ZhekaDOM: doesn't show hand 
*** SUMMARY ***
Total pot 181 | Rake 0 
Seat 1: Kafko folded before Flop (didn't bet)
Seat 2: fanatik221 (button) folded before Flop (didn't bet)
Seat 3: Gabrielfs13 (small blind) folded before Flop
Seat 4: Juniorke01 (big blind) folded before Flop
Seat 6: iwillkillset folded before Flop (didn't bet)
Seat 7: ZhekaDOM collected (181)
Seat 8: RobertYeghikyan folded before Flop (didn't bet)



PokerStars Hand #257033999851: Tournament #3910308049, $4.80+$5.00+$1.20 USD Hold'em No Limit - Level I (25/50) - 2025/07/21 12:31:17 BRT [2025/07/21 11:31:17 ET]
Table '3910308049 36' 8-max Seat #3 is the button
Seat 1: Kafko (4984 in chips, $5 bounty) is sitting out
Seat 2: fanatik221 (4809 in chips, $5 bounty) 
Seat 3: Gabrielfs13 (5198 in chips, $5 bounty) 
Seat 4: Juniorke01 (4934 in chips, $5 bounty) 
Seat 5: Cosbos (5000 in chips, $5 bounty) 
Seat 6: iwillkillset (4984 in chips, $5 bounty) 
Seat 7: ZhekaDOM (5115 in chips, $5 bounty) 
Seat 8: RobertYeghikyan (4984 in chips, $5 bounty) is sitting out
Kafko: posts the ante 8
fanatik221: posts the ante 8
Gabrielfs13: posts the ante 8
Juniorke01: posts the ante 8
Cosbos: posts the ante 8
iwillkillset: posts the ante 8
ZhekaDOM: posts the ante 8
RobertYeghikyan: posts the ante 8
Juniorke01: posts small blind 25
Cosbos: posts big blind 50
*** HOLE CARDS ***
Dealt to Gabrielfs13 [7c 9s]
iwillkillset: folds 
ZhekaDOM: folds 
RobertYeghikyan: folds 
Kafko: folds 
fanatik221: folds 
Gabrielfs13: raises 50 to 100
Juniorke01: folds 
Cosbos: calls 50
*** FLOP *** [Js 6s Th]
Cosbos: checks 
RobertYeghikyan has returned
Gabrielfs13: bets 72
Cosbos: calls 72
*** TURN *** [Js 6s Th] [Ac]
Cosbos: checks 
Gabrielfs13: bets 217
Cosbos: folds 
Uncalled bet (217) returned to Gabrielfs13
Gabrielfs13 collected 433 from pot
Gabrielfs13: doesn't show hand 
*** SUMMARY ***
Total pot 433 | Rake 0 
Board [Js 6s Th Ac]
Seat 1: Kafko folded before Flop (didn't bet)
Seat 2: fanatik221 folded before Flop (didn't bet)
Seat 3: Gabrielfs13 (button) collected (433)
Seat 4: Juniorke01 (small blind) folded before Flop
Seat 5: Cosbos (big blind) folded on the Turn
Seat 6: iwillkillset folded before Flop (didn't bet)
Seat 7: ZhekaDOM folded before Flop (didn't bet)
Seat 8: RobertYeghikyan folded before Flop (didn't bet)



PokerStars Hand #257034009772: Tournament #3910308049, $4.80+$5.00+$1.20 USD Hold'em No Limit - Level I (25/50) - 2025/07/21 12:32:16 BRT [2025/07/21 11:32:16 ET]
Table '3910308049 36' 8-max Seat #4 is the button
Seat 1: Kafko (4976 in chips, $5 bounty) is sitting out
Seat 2: fanatik221 (4801 in chips, $5 bounty) 
Seat 3: Gabrielfs13 (5451 in chips, $5 bounty) 
Seat 4: Juniorke01 (4901 in chips, $5 bounty) 
Seat 5: Cosbos (4820 in chips, $5 bounty) 
Seat 6: iwillkillset (4976 in chips, $5 bounty) 
Seat 7: ZhekaDOM (5107 in chips, $5 bounty) 
Seat 8: RobertYeghikyan (4976 in chips, $5 bounty) 
Kafko: posts the ante 8
fanatik221: posts the ante 8
Gabrielfs13: posts the ante 8
Juniorke01: posts the ante 8
Cosbos: posts the ante 8
iwillkillset: posts the ante 8
ZhekaDOM: posts the ante 8
RobertYeghikyan: posts the ante 8
Cosbos: posts small blind 25
iwillkillset: posts big blind 50
*** HOLE CARDS ***
Dealt to Gabrielfs13 [3d Jd]
ZhekaDOM: folds 
RobertYeghikyan: folds 
Kafko: folds 
fanatik221: folds 
Gabrielfs13: raises 50 to 100
Juniorke01: calls 100
Cosbos: calls 75
iwillkillset: folds 
*** FLOP *** [2d 4h 2c]
Cosbos: checks 
Gabrielfs13: bets 137
Juniorke01: calls 137
Cosbos: folds 
*** TURN *** [2d 4h 2c] [5h]
Gabrielfs13: bets 344
Juniorke01: folds 
Uncalled bet (344) returned to Gabrielfs13
Gabrielfs13 collected 688 from pot
Gabrielfs13: doesn't show hand 
*** SUMMARY ***
Total pot 688 | Rake 0 
Board [2d 4h 2c 5h]
Seat 1: Kafko folded before Flop (didn't bet)
Seat 2: fanatik221 folded before Flop (didn't bet)
Seat 3: Gabrielfs13 collected (688)
Seat 4: Juniorke01 (button) folded on the Turn
Seat 5: Cosbos (small blind) folded on the Flop
Seat 6: iwillkillset (big blind) folded before Flop
Seat 7: ZhekaDOM folded before Flop (didn't bet)
Seat 8: RobertYeghikyan folded before Flop (didn't bet)



PokerStars Hand #257034024782: Tournament #3910308049, $4.80+$5.00+$1.20 USD Hold'em No Limit - Level I (25/50) - 2025/07/21 12:33:45 BRT [2025/07/21 11:33:45 ET]
Table '3910308049 36' 8-max Seat #5 is the button
Seat 1: Kafko (4968 in chips, $5 bounty) is sitting out
Seat 2: fanatik221 (4793 in chips, $5 bounty) 
Seat 3: Gabrielfs13 (5894 in chips, $5 bounty) 
Seat 4: Juniorke01 (4656 in chips, $5 bounty) 
Seat 5: Cosbos (4712 in chips, $5 bounty) 
Seat 6: iwillkillset (4918 in chips, $5 bounty) 
Seat 7: ZhekaDOM (5099 in chips, $5 bounty) 
Kafko: posts the ante 8
fanatik221: posts the ante 8
Gabrielfs13: posts the ante 8
Juniorke01: posts the ante 8
Cosbos: posts the ante 8
iwillkillset: posts the ante 8
ZhekaDOM: posts the ante 8
iwillkillset: posts small blind 25
ZhekaDOM: posts big blind 50
*** HOLE CARDS ***
Dealt to Gabrielfs13 [Kh Td]
Kafko: folds 
pauloj247 is disconnected 
fanatik221: folds 
Gabrielfs13: raises 50 to 100
Juniorke01: folds 
Cosbos: raises 200 to 300
iwillkillset: folds 
ZhekaDOM: folds 
Gabrielfs13: folds 
Uncalled bet (200) returned to Cosbos
Cosbos collected 331 from pot
*** SUMMARY ***
Total pot 331 | Rake 0 
Seat 1: Kafko folded before Flop (didn't bet)
Seat 2: fanatik221 folded before Flop (didn't bet)
Seat 3: Gabrielfs13 folded before Flop
Seat 4: Juniorke01 folded before Flop (didn't bet)
Seat 5: Cosbos (button) collected (331)
Seat 6: iwillkillset (small blind) folded before Flop
Seat 7: ZhekaDOM (big blind) folded before Flop



PokerStars Hand #257034040456: Tournament #3910308049, $4.80+$5.00+$1.20 USD Hold'em No Limit - Level I (25/50) - 2025/07/21 12:35:15 BRT [2025/07/21 11:35:15 ET]
Table '3910308049 75' 8-max Seat #2 is the button
Seat 1: Joinci119 (5050 in chips, $5 bounty) 
Seat 2: caiocastilho (4951 in chips, $5 bounty) 
Seat 3: felipe.lele4 (4558 in chips, $5 bounty) 
Seat 4: Endrju_Bdg (4794 in chips, $5 bounty) 
Seat 5: klasny1 (4860 in chips, $5 bounty) 
Seat 6: HumberntII (4976 in chips, $5 bounty) 
Seat 7: Gabrielfs13 (5786 in chips, $5 bounty) 
Seat 8: ARISTOTEL300 (5000 in chips, $5 bounty) 
Joinci119: posts the ante 8
caiocastilho: posts the ante 8
felipe.lele4: posts the ante 8
Endrju_Bdg: posts the ante 8
klasny1: posts the ante 8
HumberntII: posts the ante 8
Gabrielfs13: posts the ante 8
ARISTOTEL300: posts the ante 8
felipe.lele4: posts small blind 25
Endrju_Bdg: posts big blind 50
*** HOLE CARDS ***
Dealt to Gabrielfs13 [Kd Ah]
klasny1: folds 
HumberntII: folds 
Gabrielfs13: raises 50 to 100
ARISTOTEL300: folds 
Joinci119: folds 
caiocastilho: calls 100
felipe.lele4: folds 
Endrju_Bdg: folds 
*** FLOP *** [2c Js 5h]
Gabrielfs13: checks 
caiocastilho: bets 112
Gabrielfs13: raises 282 to 394
caiocastilho: calls 282
*** TURN *** [2c Js 5h] [Ac]
Gabrielfs13: bets 564
caiocastilho: folds 
Uncalled bet (564) returned to Gabrielfs13
Gabrielfs13 collected 1127 from pot
Gabrielfs13: doesn't show hand 
*** SUMMARY ***
Total pot 1127 | Rake 0 
Board [2c Js 5h Ac]
Seat 1: Joinci119 folded before Flop (didn't bet)
Seat 2: caiocastilho (button) folded on the Turn
Seat 3: felipe.lele4 (small blind) folded before Flop
Seat 4: Endrju_Bdg (big blind) folded before Flop
Seat 5: klasny1 folded before Flop (didn't bet)
Seat 6: HumberntII folded before Flop (didn't bet)
Seat 7: Gabrielfs13 collected (1127)
Seat 8: ARISTOTEL300 folded before Flop (didn't bet)



PokerStars Hand #257034049530: Tournament #3910308049, $4.80+$5.00+$1.20 USD Hold'em No Limit - Level I (25/50) - 2025/07/21 12:36:09 BRT [2025/07/21 11:36:09 ET]
Table '3910308049 75' 8-max Seat #3 is the button
Seat 1: Joinci119 (5042 in chips, $5 bounty) 
Seat 2: caiocastilho (4449 in chips, $5 bounty) 
Seat 3: felipe.lele4 (4525 in chips, $5 bounty) 
Seat 4: Endrju_Bdg (4736 in chips, $5 bounty) 
Seat 5: klasny1 (4852 in chips, $5 bounty) 
Seat 6: HumberntII (4968 in chips, $5 bounty) 
Seat 7: Gabrielfs13 (6411 in chips, $5 bounty) 
Seat 8: ARISTOTEL300 (4992 in chips, $5 bounty) 
Joinci119: posts the ante 8
caiocastilho: posts the ante 8
felipe.lele4: posts the ante 8
Endrju_Bdg: posts the ante 8
klasny1: posts the ante 8
HumberntII: posts the ante 8
Gabrielfs13: posts the ante 8
ARISTOTEL300: posts the ante 8
Endrju_Bdg: posts small blind 25
klasny1: posts big blind 50
*** HOLE CARDS ***
Dealt to Gabrielfs13 [4s 3s]
HumberntII: folds 
Gabrielfs13: folds 
ARISTOTEL300: folds 
Joinci119: folds 
caiocastilho: raises 50 to 100
felipe.lele4: folds 
Endrju_Bdg: folds 
klasny1: calls 50
*** FLOP *** [2c As 8d]
klasny1: checks 
caiocastilho: bets 95
klasny1: calls 95
*** TURN *** [2c As 8d] [5d]
klasny1: checks 
caiocastilho: bets 321
klasny1: calls 321
*** RIVER *** [2c As 8d 5d] [Kd]
klasny1: checks 
caiocastilho: checks 
*** SHOW DOWN ***
klasny1: shows [8s 9c] (a pair of Eights)
caiocastilho: mucks hand 
klasny1 collected 1121 from pot
*** SUMMARY ***
Total pot 1121 | Rake 0 
Board [2c As 8d 5d Kd]
Seat 1: Joinci119 folded before Flop (didn't bet)
Seat 2: caiocastilho mucked [Jh 9s]
Seat 3: felipe.lele4 (button) folded before Flop (didn't bet)
Seat 4: Endrju_Bdg (small blind) folded before Flop
Seat 5: klasny1 (big blind) showed [8s 9c] and won (1121) with a pair of Eights
Seat 6: HumberntII folded before Flop (didn't bet)
Seat 7: Gabrielfs13 folded before Flop (didn't bet)
Seat 8: ARISTOTEL300 folded before Flop (didn't bet)



PokerStars Hand #257034062689: Tournament #3910308049, $4.80+$5.00+$1.20 USD Hold'em No Limit - Level I (25/50) - 2025/07/21 12:37:26 BRT [2025/07/21 11:37:26 ET]
Table '3910308049 75' 8-max Seat #4 is the button
Seat 1: Joinci119 (5034 in chips, $5 bounty) 
Seat 2: caiocastilho (3925 in chips, $5 bounty) 
Seat 3: felipe.lele4 (4517 in chips, $5 bounty) 
Seat 4: Endrju_Bdg (4703 in chips, $5 bounty) 
Seat 5: klasny1 (5449 in chips, $5 bounty) 
Seat 6: HumberntII (4960 in chips, $5 bounty) 
Seat 7: Gabrielfs13 (6403 in chips, $5 bounty) 
Seat 8: ARISTOTEL300 (4984 in chips, $5 bounty) 
Joinci119: posts the ante 8
caiocastilho: posts the ante 8
felipe.lele4: posts the ante 8
Endrju_Bdg: posts the ante 8
klasny1: posts the ante 8
HumberntII: posts the ante 8
Gabrielfs13: posts the ante 8
ARISTOTEL300: posts the ante 8
klasny1: posts small blind 25
HumberntII: posts big blind 50
*** HOLE CARDS ***
Dealt to Gabrielfs13 [Jc 3h]
Gabrielfs13: folds 
ARISTOTEL300: folds 
Joinci119: raises 55 to 105
caiocastilho: folds 
felipe.lele4: folds 
Endrju_Bdg: folds 
klasny1: folds 
HumberntII: calls 55
*** FLOP *** [6h Jd Qc]
HumberntII: checks 
Joinci119: bets 75
HumberntII: calls 75
*** TURN *** [6h Jd Qc] [5d]
HumberntII: checks 
Joinci119: bets 874
HumberntII: folds 
Uncalled bet (874) returned to Joinci119
Joinci119 collected 449 from pot
Joinci119: doesn't show hand 
*** SUMMARY ***
Total pot 449 | Rake 0 
Board [6h Jd Qc 5d]
Seat 1: Joinci119 collected (449)
Seat 2: caiocastilho folded before Flop (didn't bet)
Seat 3: felipe.lele4 folded before Flop (didn't bet)
Seat 4: Endrju_Bdg (button) folded before Flop (didn't bet)
Seat 5: klasny1 (small blind) folded before Flop
Seat 6: HumberntII (big blind) folded on the Turn
Seat 7: Gabrielfs13 folded before Flop (didn't bet)
Seat 8: ARISTOTEL300 folded before Flop (didn't bet)



PokerStars Hand #257034077214: Tournament #3910308049, $4.80+$5.00+$1.20 USD Hold'em No Limit - Level II (30/60) - 2025/07/21 12:38:52 BRT [2025/07/21 11:38:52 ET]
Table '3910308049 75' 8-max Seat #5 is the button
Seat 1: Joinci119 (5295 in chips, $5 bounty) 
Seat 2: caiocastilho (3917 in chips, $5 bounty) 
Seat 3: felipe.lele4 (4509 in chips, $5 bounty) 
Seat 4: Endrju_Bdg (4695 in chips, $5 bounty) 
Seat 5: klasny1 (5416 in chips, $5 bounty) 
Seat 6: HumberntII (4772 in chips, $5 bounty) 
Seat 7: Gabrielfs13 (6395 in chips, $5 bounty) 
Seat 8: ARISTOTEL300 (4976 in chips, $5 bounty) 
Joinci119: posts the ante 9
caiocastilho: posts the ante 9
felipe.lele4: posts the ante 9
Endrju_Bdg: posts the ante 9
klasny1: posts the ante 9
HumberntII: posts the ante 9
Gabrielfs13: posts the ante 9
ARISTOTEL300: posts the ante 9
HumberntII: posts small blind 30
Gabrielfs13: posts big blind 60
*** HOLE CARDS ***
Dealt to Gabrielfs13 [Kh 5c]
ARISTOTEL300: raises 60 to 120
Joinci119: folds 
caiocastilho: folds 
felipe.lele4: folds 
Endrju_Bdg: folds 
klasny1: folds 
HumberntII: calls 90
Gabrielfs13: folds 
*** FLOP *** [5h 7d Td]
HumberntII: checks 
ARISTOTEL300: bets 372
HumberntII: folds 
Uncalled bet (372) returned to ARISTOTEL300
ARISTOTEL300 collected 372 from pot
ARISTOTEL300: doesn't show hand 
*** SUMMARY ***
Total pot 372 | Rake 0 
Board [5h 7d Td]
Seat 1: Joinci119 folded before Flop (didn't bet)
Seat 2: caiocastilho folded before Flop (didn't bet)
Seat 3: felipe.lele4 folded before Flop (didn't bet)
Seat 4: Endrju_Bdg folded before Flop (didn't bet)
Seat 5: klasny1 (button) folded before Flop (didn't bet)
Seat 6: HumberntII (small blind) folded on the Flop
Seat 7: Gabrielfs13 (big blind) folded before Flop
Seat 8: ARISTOTEL300 collected (372)



PokerStars Hand #257034090526: Tournament #3910308049, $4.80+$5.00+$1.20 USD Hold'em No Limit - Level II (30/60) - 2025/07/21 12:40:11 BRT [2025/07/21 11:40:11 ET]
Table '3910308049 75' 8-max Seat #6 is the button
Seat 1: Joinci119 (5286 in chips, $5 bounty) 
Seat 2: caiocastilho (3908 in chips, $5 bounty) 
Seat 3: felipe.lele4 (4500 in chips, $5 bounty) 
Seat 4: Endrju_Bdg (4686 in chips, $5 bounty) 
Seat 5: klasny1 (5407 in chips, $5 bounty) 
Seat 6: HumberntII (4643 in chips, $5 bounty) 
Seat 7: Gabrielfs13 (6326 in chips, $5 bounty) 
Seat 8: ARISTOTEL300 (5219 in chips, $5 bounty) 
Joinci119: posts the ante 9
caiocastilho: posts the ante 9
felipe.lele4: posts the ante 9
Endrju_Bdg: posts the ante 9
klasny1: posts the ante 9
HumberntII: posts the ante 9
Gabrielfs13: posts the ante 9
ARISTOTEL300: posts the ante 9
Gabrielfs13: posts small blind 30
ARISTOTEL300: posts big blind 60
*** HOLE CARDS ***
Dealt to Gabrielfs13 [6h Ac]
Joinci119: folds 
caiocastilho: folds 
felipe.lele4: folds 
Endrju_Bdg: folds 
klasny1: raises 60 to 120
HumberntII: calls 120
Gabrielfs13: folds 
ARISTOTEL300: folds 
*** FLOP *** [Td 9s Th]
klasny1: checks 
HumberntII: checks 
*** TURN *** [Td 9s Th] [Jh]
klasny1: checks 
HumberntII: bets 402
klasny1: folds 
Uncalled bet (402) returned to HumberntII
HumberntII collected 402 from pot
HumberntII: doesn't show hand 
*** SUMMARY ***
Total pot 402 | Rake 0 
Board [Td 9s Th Jh]
Seat 1: Joinci119 folded before Flop (didn't bet)
Seat 2: caiocastilho folded before Flop (didn't bet)
Seat 3: felipe.lele4 folded before Flop (didn't bet)
Seat 4: Endrju_Bdg folded before Flop (didn't bet)
Seat 5: klasny1 folded on the Turn
Seat 6: HumberntII (button) collected (402)
Seat 7: Gabrielfs13 (small blind) folded before Flop
Seat 8: ARISTOTEL300 (big blind) folded before Flop



PokerStars Hand #257034104601: Tournament #3910308049, $4.80+$5.00+$1.20 USD Hold'em No Limit - Level II (30/60) - 2025/07/21 12:41:33 BRT [2025/07/21 11:41:33 ET]
Table '3910308049 75' 8-max Seat #7 is the button
Seat 1: Joinci119 (5277 in chips, $5 bounty) 
Seat 2: caiocastilho (3899 in chips, $5 bounty) 
Seat 3: felipe.lele4 (4491 in chips, $5 bounty) 
Seat 4: Endrju_Bdg (4677 in chips, $5 bounty) 
Seat 5: klasny1 (5278 in chips, $5 bounty) 
Seat 6: HumberntII (4916 in chips, $5 bounty) 
Seat 7: Gabrielfs13 (6287 in chips, $5 bounty) 
Seat 8: ARISTOTEL300 (5150 in chips, $5 bounty) 
Joinci119: posts the ante 9
caiocastilho: posts the ante 9
felipe.lele4: posts the ante 9
Endrju_Bdg: posts the ante 9
klasny1: posts the ante 9
HumberntII: posts the ante 9
Gabrielfs13: posts the ante 9
ARISTOTEL300: posts the ante 9
ARISTOTEL300: posts small blind 30
Joinci119: posts big blind 60
*** HOLE CARDS ***
Dealt to Gabrielfs13 [7d 6h]
caiocastilho: folds 
felipe.lele4: raises 60 to 120
Endrju_Bdg: folds 
klasny1: folds 
HumberntII: folds 
Gabrielfs13: folds 
ARISTOTEL300: calls 90
Joinci119: calls 60
*** FLOP *** [8s 5s 4h]
ARISTOTEL300: checks 
Joinci119: checks 
felipe.lele4: checks 
*** TURN *** [8s 5s 4h] [4c]
ARISTOTEL300: bets 216
Joinci119: raises 714 to 930
felipe.lele4: folds 
ARISTOTEL300: folds 
Uncalled bet (714) returned to Joinci119
Joinci119 collected 864 from pot
Joinci119: doesn't show hand 
*** SUMMARY ***
Total pot 864 | Rake 0 
Board [8s 5s 4h 4c]
Seat 1: Joinci119 (big blind) collected (864)
Seat 2: caiocastilho folded before Flop (didn't bet)
Seat 3: felipe.lele4 folded on the Turn
Seat 4: Endrju_Bdg folded before Flop (didn't bet)
Seat 5: klasny1 folded before Flop (didn't bet)
Seat 6: HumberntII folded before Flop (didn't bet)
Seat 7: Gabrielfs13 (button) folded before Flop (didn't bet)
Seat 8: ARISTOTEL300 (small blind) folded on the Turn



PokerStars Hand #257034126545: Tournament #3910308049, $4.80+$5.00+$1.20 USD Hold'em No Limit - Level II (30/60) - 2025/07/21 12:43:41 BRT [2025/07/21 11:43:41 ET]
Table '3910308049 75' 8-max Seat #8 is the button
Seat 1: Joinci119 (5796 in chips, $5 bounty) 
Seat 2: caiocastilho (3890 in chips, $5 bounty) 
Seat 3: felipe.lele4 (4362 in chips, $5 bounty) 
Seat 4: Endrju_Bdg (4668 in chips, $5 bounty) 
Seat 5: klasny1 (5269 in chips, $5 bounty) 
Seat 6: HumberntII (4907 in chips, $5 bounty) 
Seat 7: Gabrielfs13 (6278 in chips, $5 bounty) 
Seat 8: ARISTOTEL300 (4805 in chips, $5 bounty) 
Joinci119: posts the ante 9
caiocastilho: posts the ante 9
felipe.lele4: posts the ante 9
Endrju_Bdg: posts the ante 9
klasny1: posts the ante 9
HumberntII: posts the ante 9
Gabrielfs13: posts the ante 9
ARISTOTEL300: posts the ante 9
Joinci119: posts small blind 30
caiocastilho: posts big blind 60
*** HOLE CARDS ***
Dealt to Gabrielfs13 [Kd Ac]
felipe.lele4: folds 
Endrju_Bdg: folds 
klasny1: folds 
HumberntII: raises 60 to 120
Gabrielfs13: raises 360 to 480
ARISTOTEL300: folds 
Joinci119: raises 5307 to 5787 and is all-in
caiocastilho: folds 
HumberntII: folds 
Gabrielfs13: calls 5307
*** FLOP *** [5s 4s 5d]
*** TURN *** [5s 4s 5d] [6s]
*** RIVER *** [5s 4s 5d 6s] [Qd]
*** SHOW DOWN ***
Joinci119: shows [Ad As] (two pair, Aces and Fives)
Gabrielfs13: shows [Kd Ac] (a pair of Fives)
Joinci119 collected 11826 from pot
*** SUMMARY ***
Total pot 11826 | Rake 0 
Board [5s 4s 5d 6s Qd]
Seat 1: Joinci119 (small blind) showed [Ad As] and won (11826) with two pair, Aces and Fives
Seat 2: caiocastilho (big blind) folded before Flop
Seat 3: felipe.lele4 folded before Flop (didn't bet)
Seat 4: Endrju_Bdg folded before Flop (didn't bet)
Seat 5: klasny1 folded before Flop (didn't bet)
Seat 6: HumberntII folded before Flop
Seat 7: Gabrielfs13 showed [Kd Ac] and lost with a pair of Fives
Seat 8: ARISTOTEL300 (button) folded before Flop (didn't bet)



PokerStars Hand #257034136241: Tournament #3910308049, $4.80+$5.00+$1.20 USD Hold'em No Limit - Level II (30/60) - 2025/07/21 12:44:36 BRT [2025/07/21 11:44:36 ET]
Table '3910308049 75' 8-max Seat #1 is the button
Seat 1: Joinci119 (11826 in chips, $5 bounty) 
Seat 2: caiocastilho (3821 in chips, $5 bounty) 
Seat 3: felipe.lele4 (4353 in chips, $5 bounty) 
Seat 4: Endrju_Bdg (4659 in chips, $5 bounty) 
Seat 5: klasny1 (5260 in chips, $5 bounty) 
Seat 6: HumberntII (4778 in chips, $5 bounty) 
Seat 7: Gabrielfs13 (482 in chips, $5 bounty) 
Seat 8: ARISTOTEL300 (4796 in chips, $5 bounty) 
Joinci119: posts the ante 9
caiocastilho: posts the ante 9
felipe.lele4: posts the ante 9
Endrju_Bdg: posts the ante 9
klasny1: posts the ante 9
HumberntII: posts the ante 9
Gabrielfs13: posts the ante 9
ARISTOTEL300: posts the ante 9
caiocastilho: posts small blind 30
felipe.lele4: posts big blind 60
*** HOLE CARDS ***
Dealt to Gabrielfs13 [8h 7d]
Endrju_Bdg: folds 
klasny1: folds 
HumberntII: folds 
Gabrielfs13: folds 
ARISTOTEL300: raises 102 to 162
Joinci119: folds 
caiocastilho: folds 
felipe.lele4: folds 
Uncalled bet (102) returned to ARISTOTEL300
ARISTOTEL300 collected 222 from pot
ARISTOTEL300: doesn't show hand 
*** SUMMARY ***
Total pot 222 | Rake 0 
Seat 1: Joinci119 (button) folded before Flop (didn't bet)
Seat 2: caiocastilho (small blind) folded before Flop
Seat 3: felipe.lele4 (big blind) folded before Flop
Seat 4: Endrju_Bdg folded before Flop (didn't bet)
Seat 5: klasny1 folded before Flop (didn't bet)
Seat 6: HumberntII folded before Flop (didn't bet)
Seat 7: Gabrielfs13 folded before Flop (didn't bet)
Seat 8: ARISTOTEL300 collected (222)



PokerStars Hand #257034144682: Tournament #3910308049, $4.80+$5.00+$1.20 USD Hold'em No Limit - Level II (30/60) - 2025/07/21 12:45:25 BRT [2025/07/21 11:45:25 ET]
Table '3910308049 75' 8-max Seat #2 is the button
Seat 1: Joinci119 (11817 in chips, $5 bounty) 
Seat 2: caiocastilho (3782 in chips, $5 bounty) 
Seat 3: felipe.lele4 (4284 in chips, $5 bounty) 
Seat 4: Endrju_Bdg (4650 in chips, $5 bounty) 
Seat 5: klasny1 (5251 in chips, $5 bounty) 
Seat 6: HumberntII (4769 in chips, $5 bounty) 
Seat 7: Gabrielfs13 (473 in chips, $5 bounty) 
Seat 8: ARISTOTEL300 (4949 in chips, $5 bounty) 
Joinci119: posts the ante 9
caiocastilho: posts the ante 9
felipe.lele4: posts the ante 9
Endrju_Bdg: posts the ante 9
klasny1: posts the ante 9
HumberntII: posts the ante 9
Gabrielfs13: posts the ante 9
ARISTOTEL300: posts the ante 9
felipe.lele4: posts small blind 30
Endrju_Bdg: posts big blind 60
*** HOLE CARDS ***
Dealt to Gabrielfs13 [5c 6s]
klasny1: folds 
HumberntII: raises 60 to 120
Gabrielfs13: folds 
ARISTOTEL300: calls 120
Joinci119: raises 420 to 540
caiocastilho: folds 
felipe.lele4: folds 
Endrju_Bdg: folds 
HumberntII: folds 
ARISTOTEL300: calls 420
*** FLOP *** [3h Kd 6h]
ARISTOTEL300: checks 
Joinci119: bets 341
ARISTOTEL300: folds 
Uncalled bet (341) returned to Joinci119
Joinci119 collected 1362 from pot
Joinci119: doesn't show hand 
*** SUMMARY ***
Total pot 1362 | Rake 0 
Board [3h Kd 6h]
Seat 1: Joinci119 collected (1362)
Seat 2: caiocastilho (button) folded before Flop (didn't bet)
Seat 3: felipe.lele4 (small blind) folded before Flop
Seat 4: Endrju_Bdg (big blind) folded before Flop
Seat 5: klasny1 folded before Flop (didn't bet)
Seat 6: HumberntII folded before Flop
Seat 7: Gabrielfs13 folded before Flop (didn't bet)
Seat 8: ARISTOTEL300 folded on the Flop



PokerStars Hand #257034157535: Tournament #3910308049, $4.80+$5.00+$1.20 USD Hold'em No Limit - Level III (35/70) - 2025/07/21 12:46:38 BRT [2025/07/21 11:46:38 ET]
Table '3910308049 75' 8-max Seat #3 is the button
Seat 1: Joinci119 (12630 in chips, $5 bounty) 
Seat 2: caiocastilho (3773 in chips, $5 bounty) 
Seat 3: felipe.lele4 (4245 in chips, $5 bounty) 
Seat 4: Endrju_Bdg (4581 in chips, $5 bounty) 
Seat 6: HumberntII (4640 in chips, $5 bounty) 
Seat 7: Gabrielfs13 (464 in chips, $5 bounty) 
Seat 8: ARISTOTEL300 (4400 in chips, $5 bounty) 
Joinci119: posts the ante 11
caiocastilho: posts the ante 11
felipe.lele4: posts the ante 11
Endrju_Bdg: posts the ante 11
HumberntII: posts the ante 11
Gabrielfs13: posts the ante 11
ARISTOTEL300: posts the ante 11
Endrju_Bdg: posts small blind 35
HumberntII: posts big blind 70
*** HOLE CARDS ***
Dealt to Gabrielfs13 [Ac 9h]
Gabrielfs13: raises 383 to 453 and is all-in
ARISTOTEL300: calls 453
Joinci119: folds 
caiocastilho: raises 663 to 1116
CamillaaaH is disconnected 
felipe.lele4: folds 
Endrju_Bdg: folds 
HumberntII: folds 
ARISTOTEL300: calls 663
*** FLOP *** [2d 6s 3d]
ARISTOTEL300: checks 
caiocastilho: bets 946
ARISTOTEL300: raises 2327 to 3273 and is all-in
caiocastilho: calls 1700 and is all-in
Uncalled bet (627) returned to ARISTOTEL300
*** TURN *** [2d 6s 3d] [2h]
*** RIVER *** [2d 6s 3d 2h] [7d]
*** SHOW DOWN ***
ARISTOTEL300: shows [8d 5d] (a flush, Eight high)
caiocastilho: shows [Ad As] (two pair, Aces and Deuces)
ARISTOTEL300 collected 6618 from side pot
Gabrielfs13: shows [Ac 9h] (a pair of Deuces)
ARISTOTEL300 collected 1541 from main pot
ARISTOTEL300 wins $2.50 for eliminating caiocastilho and their own bounty increases by $2.50 to $7.50
ARISTOTEL300 wins $2.50 for eliminating Gabrielfs13 and their own bounty increases by $2.50 to $10
caiocastilho finished the tournament
Gabrielfs13 finished the tournament
Mers00001 is disconnected 
*** SUMMARY ***
Total pot 8159 Main pot 1541. Side pot 6618. | Rake 0 
Board [2d 6s 3d 2h 7d]
Seat 1: Joinci119 folded before Flop (didn't bet)
Seat 2: caiocastilho showed [Ad As] and lost with two pair, Aces and Deuces
Seat 3: felipe.lele4 (button) folded before Flop (didn't bet)
Seat 4: Endrju_Bdg (small blind) folded before Flop
Seat 6: HumberntII (big blind) folded before Flop
Seat 7: Gabrielfs13 showed [Ac 9h] and lost with a pair of Deuces
Seat 8: ARISTOTEL300 showed [8d 5d] and won (8159) with a flush, Eight high



PokerStars Hand #257034171672: Tournament #3910308049, $4.80+$5.00+$1.20 USD Hold'em No Limit - Level III (35/70) - 2025/07/21 12:47:59 BRT [2025/07/21 11:47:59 ET]
Table '3910308049 109' 8-max Seat #1 is the button
Seat 1: Boulzor444 (10848 in chips, $7.50 bounty) 
Seat 2: Engastamento (4576 in chips, $5 bounty) 
Seat 3: links321 (2748 in chips, $5 bounty) 
Seat 4: Lectoroff (2381 in chips, $5 bounty) 
Seat 7: Gabrielfs13 (5000 in chips, $5 bounty) 
Boulzor444: posts the ante 11
Engastamento: posts the ante 11
links321: posts the ante 11
Lectoroff: posts the ante 11
Gabrielfs13: posts the ante 11
Engastamento: posts small blind 35
links321: posts big blind 70
*** HOLE CARDS ***
Dealt to Gabrielfs13 [Tc 5s]
Gabrielfs13 is disconnected 
Lectoroff: folds 
Gabrielfs13: folds 
Boulzor444: folds 
Engastamento: raises 175 to 245
links321: calls 175
*** FLOP *** [3d Jd 3s]
Engastamento: bets 180
links321: calls 180
*** TURN *** [3d Jd 3s] [4d]
Engastamento: checks 
links321: checks 
*** RIVER *** [3d Jd 3s 4d] [7d]
Engastamento: checks 
links321: checks 
*** SHOW DOWN ***
Engastamento: shows [5c Jc] (two pair, Jacks and Threes)
links321: mucks hand 
Engastamento collected 905 from pot
*** SUMMARY ***
Total pot 905 | Rake 0 
Board [3d Jd 3s 4d 7d]
Seat 1: Boulzor444 (button) folded before Flop (didn't bet)
Seat 2: Engastamento (small blind) showed [5c Jc] and won (905) with two pair, Jacks and Threes
Seat 3: links321 (big blind) mucked [4h Qh]
Seat 4: Lectoroff folded before Flop (didn't bet)
Seat 7: Gabrielfs13 folded before Flop (didn't bet)



PokerStars Hand #257034182537: Tournament #3910308049, $4.80+$5.00+$1.20 USD Hold'em No Limit - Level III (35/70) - 2025/07/21 12:49:02 BRT [2025/07/21 11:49:02 ET]
Table '3910308049 109' 8-max Seat #2 is the button
Seat 1: Boulzor444 (10837 in chips, $7.50 bounty) 
Seat 2: Engastamento (5045 in chips, $5 bounty) 
Seat 3: links321 (2312 in chips, $5 bounty) 
Seat 4: Lectoroff (2370 in chips, $5 bounty) 
Seat 5: RogerNegro (10406 in chips, $7.50 bounty) 
Seat 6: POAX_ISI (5000 in chips, $5 bounty) 
Seat 7: Gabrielfs13 (4989 in chips, $5 bounty) 
Seat 8: kirgiz7777 (5109 in chips, $5 bounty) 
Boulzor444: posts the ante 11
Engastamento: posts the ante 11
links321: posts the ante 11
Lectoroff: posts the ante 11
RogerNegro: posts the ante 11
POAX_ISI: posts the ante 11
Gabrielfs13: posts the ante 11
kirgiz7777: posts the ante 11
links321: posts small blind 35
Lectoroff: posts big blind 70
*** HOLE CARDS ***
Dealt to Gabrielfs13 [8s Ah]
RogerNegro: folds 
POAX_ISI: folds 
Gabrielfs13: folds 
kirgiz7777: raises 140 to 210
Boulzor444: calls 210
Engastamento: folds 
links321: folds 
Lectoroff: folds 
*** FLOP *** [Qd 4s 5h]
kirgiz7777: checks 
Boulzor444: bets 307
kirgiz7777: calls 307
*** TURN *** [Qd 4s 5h] [Ts]
kirgiz7777: checks 
Boulzor444: checks 
*** RIVER *** [Qd 4s 5h Ts] [5d]
kirgiz7777: checks 
Boulzor444: bets 385
kirgiz7777: folds 
Uncalled bet (385) returned to Boulzor444
Boulzor444 collected 1227 from pot
Boulzor444: doesn't show hand 
*** SUMMARY ***
Total pot 1227 | Rake 0 
Board [Qd 4s 5h Ts 5d]
Seat 1: Boulzor444 collected (1227)
Seat 2: Engastamento (button) folded before Flop (didn't bet)
Seat 3: links321 (small blind) folded before Flop
Seat 4: Lectoroff (big blind) folded before Flop
Seat 5: RogerNegro folded before Flop (didn't bet)
Seat 6: POAX_ISI folded before Flop (didn't bet)
Seat 7: Gabrielfs13 folded before Flop (didn't bet)
Seat 8: kirgiz7777 folded on the River



PokerStars Hand #257034195441: Tournament #3910308049, $4.80+$5.00+$1.20 USD Hold'em No Limit - Level III (35/70) - 2025/07/21 12:50:16 BRT [2025/07/21 11:50:16 ET]
Table '3910308049 109' 8-max Seat #3 is the button
Seat 1: Boulzor444 (11536 in chips, $7.50 bounty) 
Seat 2: Engastamento (5034 in chips, $5 bounty) 
Seat 3: links321 (2266 in chips, $5 bounty) 
Seat 4: Lectoroff (2289 in chips, $5 bounty) 
Seat 5: RogerNegro (10395 in chips, $7.50 bounty) 
Seat 6: POAX_ISI (4989 in chips, $5 bounty) 
Seat 7: Gabrielfs13 (4978 in chips, $5 bounty) 
Seat 8: kirgiz7777 (4581 in chips, $5 bounty) 
Boulzor444: posts the ante 11
Engastamento: posts the ante 11
links321: posts the ante 11
Lectoroff: posts the ante 11
RogerNegro: posts the ante 11
POAX_ISI: posts the ante 11
Gabrielfs13: posts the ante 11
kirgiz7777: posts the ante 11
Lectoroff: posts small blind 35
RogerNegro: posts big blind 70
*** HOLE CARDS ***
Dealt to Gabrielfs13 [Qd Qc]
POAX_ISI: raises 280 to 350
Gabrielfs13: raises 4617 to 4967 and is all-in
kirgiz7777: folds 
Boulzor444: folds 
Engastamento: folds 
links321: folds 
Lectoroff: folds 
RogerNegro: folds 
POAX_ISI: calls 4617
*** FLOP *** [4d Ac 9d]
*** TURN *** [4d Ac 9d] [Tc]
*** RIVER *** [4d Ac 9d Tc] [Ts]
*** SHOW DOWN ***
POAX_ISI: shows [As Jd] (two pair, Aces and Tens)
Gabrielfs13: shows [Qd Qc] (two pair, Queens and Tens)
POAX_ISI collected 10127 from pot
POAX_ISI wins $2.50 for eliminating Gabrielfs13 and their own bounty increases by $2.50 to $7.50
Gabrielfs13 finished the tournament
*** SUMMARY ***
Total pot 10127 | Rake 0 
Board [4d Ac 9d Tc Ts]
Seat 1: Boulzor444 folded before Flop (didn't bet)
Seat 2: Engastamento folded before Flop (didn't bet)
Seat 3: links321 (button) folded before Flop (didn't bet)
Seat 4: Lectoroff (small blind) folded before Flop
Seat 5: RogerNegro (big blind) folded before Flop
Seat 6: POAX_ISI showed [As Jd] and won (10127) with two pair, Aces and Tens
Seat 7: Gabrielfs13 showed [Qd Qc] and lost with two pair, Queens and Tens
Seat 8: kirgiz7777 folded before Flop (didn't bet)



