PokerStars Hand #257263187180: Tournament #3914634373, $4.90+$4.90+$1.20 USD Hold'em No Limit - Level II (30/60) - 2025/08/08 13:39:28 BRT [2025/08/08 12:39:28 ET]
Table '3914634373 123' 8-max Seat #2 is the button
Seat 1: hungrybast (2452 in chips) 
Seat 2: Madsmeisteren (4410 in chips) 
Seat 3: jannepekka (3745 in chips) 
Seat 5: marianoacha (5378 in chips) 
Seat 6: Jacks_Ten (5000 in chips) 
Seat 7: Gabrielfs13 (5000 in chips) 
Seat 8: Santocx (5000 in chips) 
hungrybast: posts the ante 9
Madsmeisteren: posts the ante 9
jannepekka: posts the ante 9
marianoacha: posts the ante 9
Jacks_Ten: posts the ante 9
Gabrielfs13: posts the ante 9
Santocx: posts the ante 9
jannepekka: posts small blind 30
marianoacha: posts big blind 60
*** HOLE CARDS ***
Dealt to Gabrielfs13 [Th 9h]
Jacks_Ten: folds 
Gabrielfs13: raises 60 to 120
Santocx: calls 120
hungrybast: folds 
Madsmeisteren: folds 
jannepekka: folds 
marianoacha: folds 
*** FLOP *** [Kc As 3s]
Gabrielfs13: checks 
Santocx: checks 
*** TURN *** [Kc As 3s] [6h]
Gabrielfs13: bets 197
Santocx: calls 197
*** RIVER *** [Kc As 3s 6h] [5s]
Gabrielfs13: bets 394
Santocx: folds 
Uncalled bet (394) returned to Gabrielfs13
Gabrielfs13 collected 787 from pot
Gabrielfs13: doesn't show hand 
*** SUMMARY ***
Total pot 787 | Rake 0 
Board [Kc As 3s 6h 5s]
Seat 1: hungrybast folded before Flop (didn't bet)
Seat 2: Madsmeisteren (button) folded before Flop (didn't bet)
Seat 3: jannepekka (small blind) folded before Flop
Seat 5: marianoacha (big blind) folded before Flop
Seat 6: Jacks_Ten folded before Flop (didn't bet)
Seat 7: Gabrielfs13 collected (787)
Seat 8: Santocx folded on the River



PokerStars Hand #257263196689: Tournament #3914634373, $4.90+$4.90+$1.20 USD Hold'em No Limit - Level II (30/60) - 2025/08/08 13:40:20 BRT [2025/08/08 12:40:20 ET]
Table '3914634373 123' 8-max Seat #3 is the button
Seat 1: hungrybast (2443 in chips) 
Seat 2: Madsmeisteren (4401 in chips) 
Seat 3: jannepekka (3706 in chips) 
Seat 4: Tincho Farias (5000 in chips) out of hand (moved from another table into small blind)
Seat 5: marianoacha (5309 in chips) 
Seat 7: Gabrielfs13 (5461 in chips) 
Seat 8: Santocx (4674 in chips) 
Tincho Farias will be allowed to play after the button
hungrybast: posts the ante 9
Madsmeisteren: posts the ante 9
jannepekka: posts the ante 9
marianoacha: posts the ante 9
Gabrielfs13: posts the ante 9
Santocx: posts the ante 9
marianoacha: posts small blind 30
Gabrielfs13: posts big blind 60
*** HOLE CARDS ***
Dealt to Gabrielfs13 [2h Kd]
Santocx: folds 
hungrybast: folds 
Madsmeisteren: raises 72 to 132
jannepekka: folds 
marianoacha: folds 
Kobojo is disconnected 
Gabrielfs13: folds 
Uncalled bet (72) returned to Madsmeisteren
Madsmeisteren collected 204 from pot
Madsmeisteren: doesn't show hand 
*** SUMMARY ***
Total pot 204 | Rake 0 
Seat 1: hungrybast folded before Flop (didn't bet)
Seat 2: Madsmeisteren collected (204)
Seat 3: jannepekka (button) folded before Flop (didn't bet)
Seat 5: marianoacha (small blind) folded before Flop
Seat 7: Gabrielfs13 (big blind) folded before Flop
Seat 8: Santocx folded before Flop (didn't bet)



PokerStars Hand #257263199925: Tournament #3914634373, $4.90+$4.90+$1.20 USD Hold'em No Limit - Level II (30/60) - 2025/08/08 13:40:38 BRT [2025/08/08 12:40:38 ET]
Table '3914634373 123' 8-max Seat #5 is the button
Seat 1: hungrybast (2434 in chips) 
Seat 2: Madsmeisteren (4536 in chips) 
Seat 3: jannepekka (3697 in chips) 
Seat 4: Tincho Farias (5000 in chips) 
Seat 5: marianoacha (5270 in chips) 
Seat 6: Kobojo (5000 in chips) out of hand (moved from another table into small blind)
Seat 7: Gabrielfs13 (5392 in chips) 
Seat 8: Santocx (4665 in chips) 
Kobojo will be allowed to play after the button
hungrybast: posts the ante 9
Madsmeisteren: posts the ante 9
jannepekka: posts the ante 9
Tincho Farias: posts the ante 9
marianoacha: posts the ante 9
Gabrielfs13: posts the ante 9
Santocx: posts the ante 9
Gabrielfs13: posts small blind 30
Santocx: posts big blind 60
*** HOLE CARDS ***
Dealt to Gabrielfs13 [Th Kd]
hungrybast: folds 
Madsmeisteren: raises 72 to 132
jannepekka: folds 
Tincho Farias: folds 
marianoacha: calls 132
Gabrielfs13: folds 
Santocx: folds 
*** FLOP *** [6d Jc As]
Madsmeisteren: checks 
marianoacha: checks 
*** TURN *** [6d Jc As] [6h]
Madsmeisteren: bets 120
marianoacha: calls 120
*** RIVER *** [6d Jc As 6h] [Qh]
Madsmeisteren: checks 
marianoacha: checks 
*** SHOW DOWN ***
Madsmeisteren: shows [Qc Tc] (two pair, Queens and Sixes)
marianoacha: mucks hand 
Madsmeisteren collected 657 from pot
*** SUMMARY ***
Total pot 657 | Rake 0 
Board [6d Jc As 6h Qh]
Seat 1: hungrybast folded before Flop (didn't bet)
Seat 2: Madsmeisteren showed [Qc Tc] and won (657) with two pair, Queens and Sixes
Seat 3: jannepekka folded before Flop (didn't bet)
Seat 4: Tincho Farias folded before Flop (didn't bet)
Seat 5: marianoacha (button) mucked [4c 4d]
Seat 7: Gabrielfs13 (small blind) folded before Flop
Seat 8: Santocx (big blind) folded before Flop



PokerStars Hand #257263213231: Tournament #3914634373, $4.90+$4.90+$1.20 USD Hold'em No Limit - Level II (30/60) - 2025/08/08 13:41:49 BRT [2025/08/08 12:41:49 ET]
Table '3914634373 123' 8-max Seat #7 is the button
Seat 1: hungrybast (2425 in chips) 
Seat 2: Madsmeisteren (4932 in chips) 
Seat 3: jannepekka (3688 in chips) 
Seat 4: Tincho Farias (4991 in chips) 
Seat 5: marianoacha (5009 in chips) 
Seat 6: Kobojo (5000 in chips) 
Seat 7: Gabrielfs13 (5353 in chips) 
Seat 8: Santocx (4596 in chips) 
hungrybast: posts the ante 9
Madsmeisteren: posts the ante 9
jannepekka: posts the ante 9
Tincho Farias: posts the ante 9
marianoacha: posts the ante 9
Kobojo: posts the ante 9
Gabrielfs13: posts the ante 9
Santocx: posts the ante 9
Santocx: posts small blind 30
hungrybast: posts big blind 60
*** HOLE CARDS ***
Dealt to Gabrielfs13 [As Ac]
Madsmeisteren: folds 
jannepekka: raises 60 to 120
Tincho Farias: folds 
marianoacha: folds 
Kobojo: folds 
Gabrielfs13: raises 420 to 540
Santocx: folds 
hungrybast: folds 
jannepekka: calls 420
*** FLOP *** [5d 8c 8s]
jannepekka: checks 
Gabrielfs13: bets 621
jannepekka: calls 621
*** TURN *** [5d 8c 8s] [Jc]
jannepekka: bets 1242
Gabrielfs13: raises 1398 to 2640
jannepekka: calls 1276 and is all-in
Uncalled bet (122) returned to Gabrielfs13
*** RIVER *** [5d 8c 8s Jc] [4c]
*** SHOW DOWN ***
jannepekka: shows [Th 8h] (three of a kind, Eights)
Gabrielfs13: shows [As Ac] (two pair, Aces and Eights)
jannepekka collected 7520 from pot
*** SUMMARY ***
Total pot 7520 | Rake 0 
Board [5d 8c 8s Jc 4c]
Seat 1: hungrybast (big blind) folded before Flop
Seat 2: Madsmeisteren folded before Flop (didn't bet)
Seat 3: jannepekka showed [Th 8h] and won (7520) with three of a kind, Eights
Seat 4: Tincho Farias folded before Flop (didn't bet)
Seat 5: marianoacha folded before Flop (didn't bet)
Seat 6: Kobojo folded before Flop (didn't bet)
Seat 7: Gabrielfs13 (button) showed [As Ac] and lost with two pair, Aces and Eights
Seat 8: Santocx (small blind) folded before Flop



PokerStars Hand #257263223516: Tournament #3914634373, $4.90+$4.90+$1.20 USD Hold'em No Limit - Level II (30/60) - 2025/08/08 13:42:45 BRT [2025/08/08 12:42:45 ET]
Table '3914634373 123' 8-max Seat #8 is the button
Seat 1: hungrybast (2356 in chips) 
Seat 2: Madsmeisteren (4923 in chips) 
Seat 3: jannepekka (7520 in chips) 
Seat 4: Tincho Farias (4982 in chips) 
Seat 5: marianoacha (5000 in chips) 
Seat 6: Kobojo (4991 in chips) 
Seat 7: Gabrielfs13 (1665 in chips) 
Seat 8: Santocx (4557 in chips) 
hungrybast: posts the ante 9
Madsmeisteren: posts the ante 9
jannepekka: posts the ante 9
Tincho Farias: posts the ante 9
marianoacha: posts the ante 9
Kobojo: posts the ante 9
Gabrielfs13: posts the ante 9
Santocx: posts the ante 9
hungrybast: posts small blind 30
Madsmeisteren: posts big blind 60
*** HOLE CARDS ***
Dealt to Gabrielfs13 [Qs Qd]
jannepekka: raises 60 to 120
Tincho Farias: folds 
marianoacha: folds 
Kobojo: folds 
Gabrielfs13: raises 1536 to 1656 and is all-in
Santocx: folds 
hungrybast: folds 
Madsmeisteren: folds 
jannepekka: calls 1536
*** FLOP *** [Ah Kh 4s]
*** TURN *** [Ah Kh 4s] [Td]
*** RIVER *** [Ah Kh 4s Td] [Qh]
*** SHOW DOWN ***
jannepekka: shows [7d 7h] (a pair of Sevens)
Gabrielfs13: shows [Qs Qd] (three of a kind, Queens)
Gabrielfs13 collected 3474 from pot
*** SUMMARY ***
Total pot 3474 | Rake 0 
Board [Ah Kh 4s Td Qh]
Seat 1: hungrybast (small blind) folded before Flop
Seat 2: Madsmeisteren (big blind) folded before Flop
Seat 3: jannepekka showed [7d 7h] and lost with a pair of Sevens
Seat 4: Tincho Farias folded before Flop (didn't bet)
Seat 5: marianoacha folded before Flop (didn't bet)
Seat 6: Kobojo folded before Flop (didn't bet)
Seat 7: Gabrielfs13 showed [Qs Qd] and won (3474) with three of a kind, Queens
Seat 8: Santocx (button) folded before Flop (didn't bet)



PokerStars Hand #257263231705: Tournament #3914634373, $4.90+$4.90+$1.20 USD Hold'em No Limit - Level II (30/60) - 2025/08/08 13:43:30 BRT [2025/08/08 12:43:30 ET]
Table '3914634373 123' 8-max Seat #1 is the button
Seat 1: hungrybast (2317 in chips) 
Seat 2: Madsmeisteren (4854 in chips) 
Seat 3: jannepekka (5855 in chips) 
Seat 4: Tincho Farias (4973 in chips) 
Seat 5: marianoacha (4991 in chips) 
Seat 6: Kobojo (4982 in chips) 
Seat 7: Gabrielfs13 (3474 in chips) 
Seat 8: Santocx (4548 in chips) 
hungrybast: posts the ante 9
Madsmeisteren: posts the ante 9
jannepekka: posts the ante 9
Tincho Farias: posts the ante 9
marianoacha: posts the ante 9
Kobojo: posts the ante 9
Gabrielfs13: posts the ante 9
Santocx: posts the ante 9
Madsmeisteren: posts small blind 30
jannepekka: posts big blind 60
*** HOLE CARDS ***
Dealt to Gabrielfs13 [7s Qc]
Tincho Farias: raises 60 to 120
marianoacha: folds 
Kobojo: folds 
Gabrielfs13: folds 
Santocx: calls 120
hungrybast: raises 660 to 780
Madsmeisteren: folds 
jannepekka: folds 
Tincho Farias: raises 4184 to 4964 and is all-in
Santocx: folds 
hungrybast: calls 1528 and is all-in
Uncalled bet (2656) returned to Tincho Farias
*** FLOP *** [5h 6s 3c]
*** TURN *** [5h 6s 3c] [2c]
*** RIVER *** [5h 6s 3c 2c] [5s]
*** SHOW DOWN ***
Tincho Farias: shows [Qd Qs] (two pair, Queens and Fives)
hungrybast: shows [Td As] (a pair of Fives)
Tincho Farias collected 4898 from pot
hungrybast finished the tournament
*** SUMMARY ***
Total pot 4898 | Rake 0 
Board [5h 6s 3c 2c 5s]
Seat 1: hungrybast (button) showed [Td As] and lost with a pair of Fives
Seat 2: Madsmeisteren (small blind) folded before Flop
Seat 3: jannepekka (big blind) folded before Flop
Seat 4: Tincho Farias showed [Qd Qs] and won (4898) with two pair, Queens and Fives
Seat 5: marianoacha folded before Flop (didn't bet)
Seat 6: Kobojo folded before Flop (didn't bet)
Seat 7: Gabrielfs13 folded before Flop (didn't bet)
Seat 8: Santocx folded before Flop



PokerStars Hand #257263243069: Tournament #3914634373, $4.90+$4.90+$1.20 USD Hold'em No Limit - Level II (30/60) - 2025/08/08 13:44:32 BRT [2025/08/08 12:44:32 ET]
Table '3914634373 123' 8-max Seat #2 is the button
Seat 2: Madsmeisteren (4815 in chips) 
Seat 3: jannepekka (5786 in chips) 
Seat 4: Tincho Farias (7554 in chips) 
Seat 5: marianoacha (4982 in chips) 
Seat 6: Kobojo (4973 in chips) 
Seat 7: Gabrielfs13 (3465 in chips) 
Seat 8: Santocx (4419 in chips) 
Madsmeisteren: posts the ante 9
jannepekka: posts the ante 9
Tincho Farias: posts the ante 9
marianoacha: posts the ante 9
Kobojo: posts the ante 9
Gabrielfs13: posts the ante 9
Santocx: posts the ante 9
jannepekka: posts small blind 30
Tincho Farias: posts big blind 60
*** HOLE CARDS ***
Dealt to Gabrielfs13 [4s 7s]
marianoacha: raises 60 to 120
Kobojo: folds 
Gioiatpkmj is disconnected 
Gabrielfs13: folds 
Santocx: folds 
Madsmeisteren: folds 
jannepekka: folds 
Tincho Farias: folds 
Uncalled bet (60) returned to marianoacha
marianoacha collected 213 from pot
*** SUMMARY ***
Total pot 213 | Rake 0 
Seat 2: Madsmeisteren (button) folded before Flop (didn't bet)
Seat 3: jannepekka (small blind) folded before Flop
Seat 4: Tincho Farias (big blind) folded before Flop
Seat 5: marianoacha collected (213)
Seat 6: Kobojo folded before Flop (didn't bet)
Seat 7: Gabrielfs13 folded before Flop (didn't bet)
Seat 8: Santocx folded before Flop (didn't bet)



PokerStars Hand #257263245884: Tournament #3914634373, $4.90+$4.90+$1.20 USD Hold'em No Limit - Level II (30/60) - 2025/08/08 13:44:47 BRT [2025/08/08 12:44:47 ET]
Table '3914634373 123' 8-max Seat #3 is the button
Seat 1: Gioiatpkmj (5000 in chips) 
Seat 2: Madsmeisteren (4806 in chips) 
Seat 3: jannepekka (5747 in chips) 
Seat 4: Tincho Farias (7485 in chips) 
Seat 5: marianoacha (5126 in chips) 
Seat 6: Kobojo (4964 in chips) 
Seat 7: Gabrielfs13 (3456 in chips) 
Seat 8: Santocx (4410 in chips) 
Gioiatpkmj: posts the ante 9
Madsmeisteren: posts the ante 9
jannepekka: posts the ante 9
Tincho Farias: posts the ante 9
marianoacha: posts the ante 9
Kobojo: posts the ante 9
Gabrielfs13: posts the ante 9
Santocx: posts the ante 9
Tincho Farias: posts small blind 30
marianoacha: posts big blind 60
*** HOLE CARDS ***
Dealt to Gabrielfs13 [Jh Kd]
Kobojo: folds 
Gabrielfs13: raises 60 to 120
Santocx: folds 
Gioiatpkmj: folds 
Madsmeisteren: folds 
jannepekka: folds 
Tincho Farias: folds 
marianoacha: folds 
Uncalled bet (60) returned to Gabrielfs13
Gabrielfs13 collected 222 from pot
Gabrielfs13: doesn't show hand 
*** SUMMARY ***
Total pot 222 | Rake 0 
Seat 1: Gioiatpkmj folded before Flop (didn't bet)
Seat 2: Madsmeisteren folded before Flop (didn't bet)
Seat 3: jannepekka (button) folded before Flop (didn't bet)
Seat 4: Tincho Farias (small blind) folded before Flop
Seat 5: marianoacha (big blind) folded before Flop
Seat 6: Kobojo folded before Flop (didn't bet)
Seat 7: Gabrielfs13 collected (222)
Seat 8: Santocx folded before Flop (didn't bet)



PokerStars Hand #257263250687: Tournament #3914634373, $4.90+$4.90+$1.20 USD Hold'em No Limit - Level II (30/60) - 2025/08/08 13:45:13 BRT [2025/08/08 12:45:13 ET]
Table '3914634373 123' 8-max Seat #4 is the button
Seat 1: Gioiatpkmj (4991 in chips) 
Seat 2: Madsmeisteren (4797 in chips) 
Seat 3: jannepekka (5738 in chips) 
Seat 4: Tincho Farias (7446 in chips) 
Seat 5: marianoacha (5057 in chips) 
Seat 6: Kobojo (4955 in chips) 
Seat 7: Gabrielfs13 (3609 in chips) 
Seat 8: Santocx (4401 in chips) 
Gioiatpkmj: posts the ante 9
Madsmeisteren: posts the ante 9
jannepekka: posts the ante 9
Tincho Farias: posts the ante 9
marianoacha: posts the ante 9
Kobojo: posts the ante 9
Gabrielfs13: posts the ante 9
Santocx: posts the ante 9
marianoacha: posts small blind 30
Kobojo: posts big blind 60
*** HOLE CARDS ***
Dealt to Gabrielfs13 [Qd 6h]
Gabrielfs13: folds 
Santocx: folds 
Gioiatpkmj: folds 
Madsmeisteren: folds 
jannepekka: folds 
Tincho Farias: folds 
marianoacha: raises 90 to 150
Kobojo: folds 
Uncalled bet (90) returned to marianoacha
marianoacha collected 192 from pot
*** SUMMARY ***
Total pot 192 | Rake 0 
Seat 1: Gioiatpkmj folded before Flop (didn't bet)
Seat 2: Madsmeisteren folded before Flop (didn't bet)
Seat 3: jannepekka folded before Flop (didn't bet)
Seat 4: Tincho Farias (button) folded before Flop (didn't bet)
Seat 5: marianoacha (small blind) collected (192)
Seat 6: Kobojo (big blind) folded before Flop
Seat 7: Gabrielfs13 folded before Flop (didn't bet)
Seat 8: Santocx folded before Flop (didn't bet)



PokerStars Hand #257263255052: Tournament #3914634373, $4.90+$4.90+$1.20 USD Hold'em No Limit - Level II (30/60) - 2025/08/08 13:45:37 BRT [2025/08/08 12:45:37 ET]
Table '3914634373 123' 8-max Seat #5 is the button
Seat 1: Gioiatpkmj (4982 in chips) 
Seat 2: Madsmeisteren (4788 in chips) 
Seat 3: jannepekka (5729 in chips) 
Seat 4: Tincho Farias (7437 in chips) 
Seat 5: marianoacha (5180 in chips) 
Seat 6: Kobojo (4886 in chips) 
Seat 7: Gabrielfs13 (3600 in chips) 
Seat 8: Santocx (4392 in chips) 
Gioiatpkmj: posts the ante 9
Madsmeisteren: posts the ante 9
jannepekka: posts the ante 9
Tincho Farias: posts the ante 9
marianoacha: posts the ante 9
Kobojo: posts the ante 9
Gabrielfs13: posts the ante 9
Santocx: posts the ante 9
Kobojo: posts small blind 30
Gabrielfs13: posts big blind 60
*** HOLE CARDS ***
Dealt to Gabrielfs13 [8c 4h]
Santocx: folds 
Gioiatpkmj: folds 
Madsmeisteren: folds 
jannepekka: folds 
Tincho Farias: folds 
marianoacha: raises 60 to 120
Kobojo: raises 420 to 540
Gabrielfs13: folds 
marianoacha: folds 
Uncalled bet (420) returned to Kobojo
Kobojo collected 372 from pot
*** SUMMARY ***
Total pot 372 | Rake 0 
Seat 1: Gioiatpkmj folded before Flop (didn't bet)
Seat 2: Madsmeisteren folded before Flop (didn't bet)
Seat 3: jannepekka folded before Flop (didn't bet)
Seat 4: Tincho Farias folded before Flop (didn't bet)
Seat 5: marianoacha (button) folded before Flop
Seat 6: Kobojo (small blind) collected (372)
Seat 7: Gabrielfs13 (big blind) folded before Flop
Seat 8: Santocx folded before Flop (didn't bet)



PokerStars Hand #257263264475: Tournament #3914634373, $4.90+$4.90+$1.20 USD Hold'em No Limit - Level III (35/70) - 2025/08/08 13:46:28 BRT [2025/08/08 12:46:28 ET]
Table '3914634373 123' 8-max Seat #6 is the button
Seat 1: Gioiatpkmj (4973 in chips) 
Seat 2: Madsmeisteren (4779 in chips) 
Seat 3: jannepekka (5720 in chips) 
Seat 4: Tincho Farias (7428 in chips) 
Seat 5: marianoacha (5051 in chips) 
Seat 6: Kobojo (5129 in chips) 
Seat 7: Gabrielfs13 (3531 in chips) 
Seat 8: Santocx (4383 in chips) 
Gioiatpkmj: posts the ante 11
Madsmeisteren: posts the ante 11
jannepekka: posts the ante 11
Tincho Farias: posts the ante 11
marianoacha: posts the ante 11
Kobojo: posts the ante 11
Gabrielfs13: posts the ante 11
Santocx: posts the ante 11
Gabrielfs13: posts small blind 35
Santocx: posts big blind 70
*** HOLE CARDS ***
Dealt to Gabrielfs13 [5s Ah]
Gioiatpkmj: folds 
Madsmeisteren: folds 
jannepekka: folds 
Tincho Farias: folds 
marianoacha: folds 
Kobojo: raises 70 to 140
Gabrielfs13: raises 420 to 560
Santocx: folds 
Kobojo: folds 
Uncalled bet (420) returned to Gabrielfs13
Gabrielfs13 collected 438 from pot
Gabrielfs13: doesn't show hand 
*** SUMMARY ***
Total pot 438 | Rake 0 
Seat 1: Gioiatpkmj folded before Flop (didn't bet)
Seat 2: Madsmeisteren folded before Flop (didn't bet)
Seat 3: jannepekka folded before Flop (didn't bet)
Seat 4: Tincho Farias folded before Flop (didn't bet)
Seat 5: marianoacha folded before Flop (didn't bet)
Seat 6: Kobojo (button) folded before Flop
Seat 7: Gabrielfs13 (small blind) collected (438)
Seat 8: Santocx (big blind) folded before Flop



PokerStars Hand #257263271076: Tournament #3914634373, $4.90+$4.90+$1.20 USD Hold'em No Limit - Level III (35/70) - 2025/08/08 13:47:04 BRT [2025/08/08 12:47:04 ET]
Table '3914634373 123' 8-max Seat #7 is the button
Seat 1: Gioiatpkmj (4962 in chips) 
Seat 2: Madsmeisteren (4768 in chips) 
Seat 3: jannepekka (5709 in chips) 
Seat 4: Tincho Farias (7417 in chips) 
Seat 5: marianoacha (5040 in chips) 
Seat 6: Kobojo (4978 in chips) 
Seat 7: Gabrielfs13 (3818 in chips) 
Seat 8: Santocx (4302 in chips) 
Gioiatpkmj: posts the ante 11
Madsmeisteren: posts the ante 11
jannepekka: posts the ante 11
Tincho Farias: posts the ante 11
marianoacha: posts the ante 11
Kobojo: posts the ante 11
Gabrielfs13: posts the ante 11
Santocx: posts the ante 11
Santocx: posts small blind 35
Gioiatpkmj: posts big blind 70
*** HOLE CARDS ***
Dealt to Gabrielfs13 [Tc 4d]
Madsmeisteren: folds 
jannepekka: folds 
Tincho Farias: folds 
marianoacha: folds 
Kobojo: raises 70 to 140
Gabrielfs13: folds 
Santocx: folds 
Gioiatpkmj: calls 70
*** FLOP *** [Ac 2c 7h]
Gioiatpkmj: checks 
Kobojo: bets 133
Gioiatpkmj: folds 
Uncalled bet (133) returned to Kobojo
Kobojo collected 403 from pot
*** SUMMARY ***
Total pot 403 | Rake 0 
Board [Ac 2c 7h]
Seat 1: Gioiatpkmj (big blind) folded on the Flop
Seat 2: Madsmeisteren folded before Flop (didn't bet)
Seat 3: jannepekka folded before Flop (didn't bet)
Seat 4: Tincho Farias folded before Flop (didn't bet)
Seat 5: marianoacha folded before Flop (didn't bet)
Seat 6: Kobojo collected (403)
Seat 7: Gabrielfs13 (button) folded before Flop (didn't bet)
Seat 8: Santocx (small blind) folded before Flop



PokerStars Hand #257263289486: Tournament #3914634373, $4.90+$4.90+$1.20 USD Hold'em No Limit - Level III (35/70) - 2025/08/08 13:48:43 BRT [2025/08/08 12:48:43 ET]
Table '3914634373 123' 8-max Seat #8 is the button
Seat 1: Gioiatpkmj (4811 in chips) 
Seat 3: jannepekka (5698 in chips) 
Seat 4: Tincho Farias (7406 in chips) 
Seat 5: marianoacha (5029 in chips) 
Seat 6: Kobojo (5230 in chips) 
Seat 7: Gabrielfs13 (3807 in chips) 
Seat 8: Santocx (4256 in chips) 
Gioiatpkmj: posts the ante 11
jannepekka: posts the ante 11
Tincho Farias: posts the ante 11
marianoacha: posts the ante 11
Kobojo: posts the ante 11
Gabrielfs13: posts the ante 11
Santocx: posts the ante 11
Gioiatpkmj: posts small blind 35
jannepekka: posts big blind 70
*** HOLE CARDS ***
Dealt to Gabrielfs13 [5c 3s]
Tincho Farias: raises 140 to 210
marianoacha: folds 
Kobojo: folds 
Gabrielfs13: folds 
Santocx: folds 
Gioiatpkmj: folds 
jannepekka: folds 
Uncalled bet (140) returned to Tincho Farias
Tincho Farias collected 252 from pot
*** SUMMARY ***
Total pot 252 | Rake 0 
Seat 1: Gioiatpkmj (small blind) folded before Flop
Seat 3: jannepekka (big blind) folded before Flop
Seat 4: Tincho Farias collected (252)
Seat 5: marianoacha folded before Flop (didn't bet)
Seat 6: Kobojo folded before Flop (didn't bet)
Seat 7: Gabrielfs13 folded before Flop (didn't bet)
Seat 8: Santocx (button) folded before Flop (didn't bet)



PokerStars Hand #257263296616: Tournament #3914634373, $4.90+$4.90+$1.20 USD Hold'em No Limit - Level III (35/70) - 2025/08/08 13:49:21 BRT [2025/08/08 12:49:21 ET]
Table '3914634373 123' 8-max Seat #1 is the button
Seat 1: Gioiatpkmj (4765 in chips) 
Seat 2: Carlospnhr86 (5000 in chips) out of hand (moved from another table into small blind)
Seat 3: jannepekka (5617 in chips) 
Seat 4: Tincho Farias (7577 in chips) 
Seat 5: marianoacha (5018 in chips) 
Seat 6: Kobojo (5219 in chips) 
Seat 7: Gabrielfs13 (3796 in chips) 
Seat 8: Santocx (4245 in chips) 
Carlospnhr86 will be allowed to play after the button
Gioiatpkmj: posts the ante 11
jannepekka: posts the ante 11
Tincho Farias: posts the ante 11
marianoacha: posts the ante 11
Kobojo: posts the ante 11
Gabrielfs13: posts the ante 11
Santocx: posts the ante 11
jannepekka: posts small blind 35
Tincho Farias: posts big blind 70
*** HOLE CARDS ***
Dealt to Gabrielfs13 [Th 4d]
marianoacha: folds 
Kobojo: folds 
Gabrielfs13: folds 
Santocx: folds 
Gioiatpkmj: folds 
jannepekka: folds 
Uncalled bet (35) returned to Tincho Farias
Tincho Farias collected 147 from pot
*** SUMMARY ***
Total pot 147 | Rake 0 
Seat 1: Gioiatpkmj (button) folded before Flop (didn't bet)
Seat 3: jannepekka (small blind) folded before Flop
Seat 4: Tincho Farias (big blind) collected (147)
Seat 5: marianoacha folded before Flop (didn't bet)
Seat 6: Kobojo folded before Flop (didn't bet)
Seat 7: Gabrielfs13 folded before Flop (didn't bet)
Seat 8: Santocx folded before Flop (didn't bet)



PokerStars Hand #257263298881: Tournament #3914634373, $4.90+$4.90+$1.20 USD Hold'em No Limit - Level III (35/70) - 2025/08/08 13:49:34 BRT [2025/08/08 12:49:34 ET]
Table '3914634373 123' 8-max Seat #3 is the button
Seat 1: Gioiatpkmj (4754 in chips) 
Seat 2: Carlospnhr86 (5000 in chips) 
Seat 3: jannepekka (5571 in chips) 
Seat 4: Tincho Farias (7678 in chips) 
Seat 5: marianoacha (5007 in chips) 
Seat 6: Kobojo (5208 in chips) 
Seat 7: Gabrielfs13 (3785 in chips) 
Seat 8: Santocx (4234 in chips) 
Gioiatpkmj: posts the ante 11
Carlospnhr86: posts the ante 11
jannepekka: posts the ante 11
Tincho Farias: posts the ante 11
marianoacha: posts the ante 11
Kobojo: posts the ante 11
Gabrielfs13: posts the ante 11
Santocx: posts the ante 11
Tincho Farias: posts small blind 35
marianoacha: posts big blind 70
*** HOLE CARDS ***
Dealt to Gabrielfs13 [Js 3d]
Kobojo: folds 
Gabrielfs13: folds 
Santocx: raises 70 to 140
Gioiatpkmj: calls 140
Carlospnhr86: folds 
jannepekka: folds 
Tincho Farias: folds 
marianoacha: folds 
*** FLOP *** [Kh Ah 9c]
Santocx: checks 
Carlospnhr86 is disconnected 
Carlospnhr86 is disconnected 
Gioiatpkmj: checks 
*** TURN *** [Kh Ah 9c] [5c]
Santocx: checks 
Gioiatpkmj: checks 
*** RIVER *** [Kh Ah 9c 5c] [Ad]
Santocx: bets 118
Gioiatpkmj: folds 
Uncalled bet (118) returned to Santocx
Santocx collected 473 from pot
Santocx: doesn't show hand 
*** SUMMARY ***
Total pot 473 | Rake 0 
Board [Kh Ah 9c 5c Ad]
Seat 1: Gioiatpkmj folded on the River
Seat 2: Carlospnhr86 folded before Flop (didn't bet)
Seat 3: jannepekka (button) folded before Flop (didn't bet)
Seat 4: Tincho Farias (small blind) folded before Flop
Seat 5: marianoacha (big blind) folded before Flop
Seat 6: Kobojo folded before Flop (didn't bet)
Seat 7: Gabrielfs13 folded before Flop (didn't bet)
Seat 8: Santocx collected (473)



PokerStars Hand #257263320466: Tournament #3914634373, $4.90+$4.90+$1.20 USD Hold'em No Limit - Level III (35/70) - 2025/08/08 13:51:29 BRT [2025/08/08 12:51:29 ET]
Table '3914634373 123' 8-max Seat #4 is the button
Seat 1: Gioiatpkmj (4603 in chips) 
Seat 2: Carlospnhr86 (4989 in chips) 
Seat 3: jannepekka (5560 in chips) 
Seat 4: Tincho Farias (7632 in chips) 
Seat 5: marianoacha (4926 in chips) 
Seat 6: Kobojo (5197 in chips) 
Seat 7: Gabrielfs13 (3774 in chips) 
Seat 8: Santocx (4556 in chips) 
Gioiatpkmj: posts the ante 11
Carlospnhr86: posts the ante 11
jannepekka: posts the ante 11
Tincho Farias: posts the ante 11
marianoacha: posts the ante 11
Kobojo: posts the ante 11
Gabrielfs13: posts the ante 11
Santocx: posts the ante 11
marianoacha: posts small blind 35
Kobojo: posts big blind 70
*** HOLE CARDS ***
Dealt to Gabrielfs13 [Kh Ks]
Gabrielfs13: raises 70 to 140
Santocx: folds 
Gioiatpkmj: folds 
Carlospnhr86: calls 140
jannepekka: folds 
Tincho Farias: folds 
marianoacha: folds 
Kobojo: folds 
*** FLOP *** [3h 7d 9d]
Gabrielfs13: checks 
Carlospnhr86: bets 307
Gabrielfs13: raises 568 to 875
Carlospnhr86: calls 568
*** TURN *** [3h 7d 9d] [Kc]
Gabrielfs13: checks 
Carlospnhr86: bets 1182
Gabrielfs13: raises 1566 to 2748 and is all-in
Tincho Farias is disconnected 
Carlospnhr86: folds 
Uncalled bet (1566) returned to Gabrielfs13
Gabrielfs13 collected 4587 from pot
Gabrielfs13: doesn't show hand 
*** SUMMARY ***
Total pot 4587 | Rake 0 
Board [3h 7d 9d Kc]
Seat 1: Gioiatpkmj folded before Flop (didn't bet)
Seat 2: Carlospnhr86 folded on the Turn
Seat 3: jannepekka folded before Flop (didn't bet)
Seat 4: Tincho Farias (button) folded before Flop (didn't bet)
Seat 5: marianoacha (small blind) folded before Flop
Seat 6: Kobojo (big blind) folded before Flop
Seat 7: Gabrielfs13 collected (4587)
Seat 8: Santocx folded before Flop (didn't bet)



PokerStars Hand #257263335782: Tournament #3914634373, $4.90+$4.90+$1.20 USD Hold'em No Limit - Level III (35/70) - 2025/08/08 13:52:50 BRT [2025/08/08 12:52:50 ET]
Table '3914634373 123' 8-max Seat #5 is the button
Seat 1: Gioiatpkmj (4592 in chips) 
Seat 2: Carlospnhr86 (2781 in chips) 
Seat 3: jannepekka (5549 in chips) 
Seat 4: Tincho Farias (7621 in chips) 
Seat 5: marianoacha (4880 in chips) 
Seat 6: Kobojo (5116 in chips) 
Seat 7: Gabrielfs13 (6153 in chips) 
Seat 8: Santocx (4545 in chips) 
Gioiatpkmj: posts the ante 11
Carlospnhr86: posts the ante 11
jannepekka: posts the ante 11
Tincho Farias: posts the ante 11
marianoacha: posts the ante 11
Kobojo: posts the ante 11
Gabrielfs13: posts the ante 11
Santocx: posts the ante 11
Kobojo: posts small blind 35
Gabrielfs13: posts big blind 70
*** HOLE CARDS ***
Dealt to Gabrielfs13 [3c 2d]
Santocx: folds 
Gioiatpkmj: folds 
Carlospnhr86: raises 70 to 140
jannepekka: folds 
Tincho Farias has timed out while disconnected
Tincho Farias: folds 
Tincho Farias is sitting out
marianoacha: folds 
Kobojo: folds 
Gabrielfs13: folds 
Uncalled bet (70) returned to Carlospnhr86
Carlospnhr86 collected 263 from pot
*** SUMMARY ***
Total pot 263 | Rake 0 
Seat 1: Gioiatpkmj folded before Flop (didn't bet)
Seat 2: Carlospnhr86 collected (263)
Seat 3: jannepekka folded before Flop (didn't bet)
Seat 4: Tincho Farias folded before Flop (didn't bet)
Seat 5: marianoacha (button) folded before Flop (didn't bet)
Seat 6: Kobojo (small blind) folded before Flop
Seat 7: Gabrielfs13 (big blind) folded before Flop
Seat 8: Santocx folded before Flop (didn't bet)



PokerStars Hand #257263342389: Tournament #3914634373, $4.90+$4.90+$1.20 USD Hold'em No Limit - Level III (35/70) - 2025/08/08 13:53:26 BRT [2025/08/08 12:53:26 ET]
Table '3914634373 123' 8-max Seat #6 is the button
Seat 1: Gioiatpkmj (4581 in chips) 
Seat 2: Carlospnhr86 (2963 in chips) 
Seat 3: jannepekka (5538 in chips) 
Seat 4: Tincho Farias (7610 in chips) is sitting out
Seat 5: marianoacha (4869 in chips) 
Seat 6: Kobojo (5070 in chips) 
Seat 7: Gabrielfs13 (6072 in chips) 
Seat 8: Santocx (4534 in chips) 
Gioiatpkmj: posts the ante 11
Carlospnhr86: posts the ante 11
jannepekka: posts the ante 11
Tincho Farias: posts the ante 11
marianoacha: posts the ante 11
Kobojo: posts the ante 11
Gabrielfs13: posts the ante 11
Santocx: posts the ante 11
Gabrielfs13: posts small blind 35
Santocx: posts big blind 70
*** HOLE CARDS ***
Dealt to Gabrielfs13 [5d As]
Gioiatpkmj: folds 
Carlospnhr86: folds 
jannepekka: folds 
Tincho Farias: folds 
marianoacha: raises 70 to 140
Kobojo: folds 
Gabrielfs13: folds 
Tincho Farias is disconnected 
Santocx: raises 525 to 665
Tincho Farias has returned
marianoacha: folds 
Uncalled bet (525) returned to Santocx
Santocx collected 403 from pot
Santocx: doesn't show hand 
*** SUMMARY ***
Total pot 403 | Rake 0 
Seat 1: Gioiatpkmj folded before Flop (didn't bet)
Seat 2: Carlospnhr86 folded before Flop (didn't bet)
Seat 3: jannepekka folded before Flop (didn't bet)
Seat 4: Tincho Farias folded before Flop (didn't bet)
Seat 5: marianoacha folded before Flop
Seat 6: Kobojo (button) folded before Flop (didn't bet)
Seat 7: Gabrielfs13 (small blind) folded before Flop
Seat 8: Santocx (big blind) collected (403)



PokerStars Hand #257263357285: Tournament #3914634373, $4.90+$4.90+$1.20 USD Hold'em No Limit - Level IV (40/80) - 2025/08/08 13:54:45 BRT [2025/08/08 12:54:45 ET]
Table '3914634373 123' 8-max Seat #7 is the button
Seat 1: Gioiatpkmj (4570 in chips) 
Seat 2: Carlospnhr86 (2952 in chips) 
Seat 3: jannepekka (5527 in chips) 
Seat 4: Tincho Farias (7599 in chips) 
Seat 5: marianoacha (4718 in chips) 
Seat 6: Kobojo (5059 in chips) 
Seat 7: Gabrielfs13 (6026 in chips) 
Seat 8: Santocx (4786 in chips) 
Gioiatpkmj: posts the ante 12
Carlospnhr86: posts the ante 12
jannepekka: posts the ante 12
Tincho Farias: posts the ante 12
marianoacha: posts the ante 12
Kobojo: posts the ante 12
Gabrielfs13: posts the ante 12
Santocx: posts the ante 12
Santocx: posts small blind 40
Gioiatpkmj: posts big blind 80
*** HOLE CARDS ***
Dealt to Gabrielfs13 [4c Js]
Carlospnhr86: folds 
jannepekka: folds 
Tincho Farias: folds 
marianoacha: raises 80 to 160
Kobojo: raises 360 to 520
Gabrielfs13: folds 
Santocx: folds 
Gioiatpkmj: raises 680 to 1200
marianoacha: folds 
Kobojo: folds 
Uncalled bet (680) returned to Gioiatpkmj
Gioiatpkmj collected 1336 from pot
Gioiatpkmj: doesn't show hand 
*** SUMMARY ***
Total pot 1336 | Rake 0 
Seat 1: Gioiatpkmj (big blind) collected (1336)
Seat 2: Carlospnhr86 folded before Flop (didn't bet)
Seat 3: jannepekka folded before Flop (didn't bet)
Seat 4: Tincho Farias folded before Flop (didn't bet)
Seat 5: marianoacha folded before Flop
Seat 6: Kobojo folded before Flop
Seat 7: Gabrielfs13 (button) folded before Flop (didn't bet)
Seat 8: Santocx (small blind) folded before Flop



PokerStars Hand #257263430070: Tournament #3914634373, $4.90+$4.90+$1.20 USD Hold'em No Limit - Level IV (40/80) - 2025/08/08 14:02:52 BRT [2025/08/08 13:02:52 ET]
Table '3914634373 123' 8-max Seat #8 is the button
Seat 1: Gioiatpkmj (5374 in chips) 
Seat 2: Carlospnhr86 (2940 in chips) 
Seat 3: jannepekka (5515 in chips) 
Seat 4: Tincho Farias (7587 in chips) 
Seat 5: marianoacha (4546 in chips) 
Seat 6: Kobojo (4527 in chips) 
Seat 7: Gabrielfs13 (6014 in chips) 
Seat 8: Santocx (4734 in chips) 
Gioiatpkmj: posts the ante 12
Carlospnhr86: posts the ante 12
jannepekka: posts the ante 12
Tincho Farias: posts the ante 12
marianoacha: posts the ante 12
Kobojo: posts the ante 12
Gabrielfs13: posts the ante 12
Santocx: posts the ante 12
Gioiatpkmj: posts small blind 40
Carlospnhr86: posts big blind 80
*** HOLE CARDS ***
Dealt to Gabrielfs13 [Jd Qd]
jannepekka: folds 
Tincho Farias: folds 
marianoacha: raises 80 to 160
Kobojo: folds 
Gabrielfs13: calls 160
Santocx: raises 480 to 640
Gioiatpkmj: folds 
Carlospnhr86 has timed out while disconnected
Carlospnhr86: folds 
Carlospnhr86 is sitting out
marianoacha: folds 
Gabrielfs13: calls 480
*** FLOP *** [3d Ah 3c]
Gabrielfs13: checks 
Santocx: bets 208
Gabrielfs13: calls 208
*** TURN *** [3d Ah 3c] [8c]
Gabrielfs13: checks 
Santocx: checks 
*** RIVER *** [3d Ah 3c 8c] [9c]
Gabrielfs13: bets 520
Santocx: folds 
Uncalled bet (520) returned to Gabrielfs13
Gabrielfs13 collected 2072 from pot
Gabrielfs13: doesn't show hand 
*** SUMMARY ***
Total pot 2072 | Rake 0 
Board [3d Ah 3c 8c 9c]
Seat 1: Gioiatpkmj (small blind) folded before Flop
Seat 2: Carlospnhr86 (big blind) folded before Flop
Seat 3: jannepekka folded before Flop (didn't bet)
Seat 4: Tincho Farias folded before Flop (didn't bet)
Seat 5: marianoacha folded before Flop
Seat 6: Kobojo folded before Flop (didn't bet)
Seat 7: Gabrielfs13 collected (2072)
Seat 8: Santocx (button) folded on the River



PokerStars Hand #257263446551: Tournament #3914634373, $4.90+$4.90+$1.20 USD Hold'em No Limit - Level IV (40/80) - 2025/08/08 14:04:20 BRT [2025/08/08 13:04:20 ET]
Table '3914634373 123' 8-max Seat #1 is the button
Seat 1: Gioiatpkmj (5322 in chips) 
Seat 2: Carlospnhr86 (2848 in chips) is sitting out
Seat 3: jannepekka (5503 in chips) 
Seat 4: Tincho Farias (7575 in chips) 
Seat 5: marianoacha (4374 in chips) 
Seat 6: Kobojo (4515 in chips) 
Seat 7: Gabrielfs13 (7226 in chips) 
Seat 8: Santocx (3874 in chips) 
Gioiatpkmj: posts the ante 12
Carlospnhr86: posts the ante 12
jannepekka: posts the ante 12
Tincho Farias: posts the ante 12
marianoacha: posts the ante 12
Kobojo: posts the ante 12
Gabrielfs13: posts the ante 12
Santocx: posts the ante 12
Carlospnhr86: posts small blind 40
jannepekka: posts big blind 80
*** HOLE CARDS ***
Dealt to Gabrielfs13 [Ts 8c]
Tincho Farias: raises 80 to 160
marianoacha: folds 
Kobojo: folds 
Gabrielfs13: folds 
Santocx: folds 
Gioiatpkmj: folds 
Carlospnhr86: folds 
jannepekka: folds 
Uncalled bet (80) returned to Tincho Farias
Tincho Farias collected 296 from pot
*** SUMMARY ***
Total pot 296 | Rake 0 
Seat 1: Gioiatpkmj (button) folded before Flop (didn't bet)
Seat 2: Carlospnhr86 (small blind) folded before Flop
Seat 3: jannepekka (big blind) folded before Flop
Seat 4: Tincho Farias collected (296)
Seat 5: marianoacha folded before Flop (didn't bet)
Seat 6: Kobojo folded before Flop (didn't bet)
Seat 7: Gabrielfs13 folded before Flop (didn't bet)
Seat 8: Santocx folded before Flop (didn't bet)



PokerStars Hand #257263454331: Tournament #3914634373, $4.90+$4.90+$1.20 USD Hold'em No Limit - Level IV (40/80) - 2025/08/08 14:05:02 BRT [2025/08/08 13:05:02 ET]
Table '3914634373 123' 8-max Seat #2 is the button
Seat 1: Gioiatpkmj (5310 in chips) 
Seat 2: Carlospnhr86 (2796 in chips) is sitting out
Seat 3: jannepekka (5411 in chips) 
Seat 4: Tincho Farias (7779 in chips) 
Seat 5: marianoacha (4362 in chips) 
Seat 6: Kobojo (4503 in chips) 
Seat 7: Gabrielfs13 (7214 in chips) 
Seat 8: Santocx (3862 in chips) 
Gioiatpkmj: posts the ante 12
Carlospnhr86: posts the ante 12
jannepekka: posts the ante 12
Tincho Farias: posts the ante 12
marianoacha: posts the ante 12
Kobojo: posts the ante 12
Gabrielfs13: posts the ante 12
Santocx: posts the ante 12
jannepekka: posts small blind 40
Tincho Farias: posts big blind 80
*** HOLE CARDS ***
Dealt to Gabrielfs13 [3s 3c]
marianoacha: folds 
Kobojo: folds 
Gabrielfs13: raises 80 to 160
Santocx: folds 
Gioiatpkmj: folds 
Carlospnhr86: folds 
jannepekka: folds 
Tincho Farias: folds 
Uncalled bet (80) returned to Gabrielfs13
Gabrielfs13 collected 296 from pot
Gabrielfs13: doesn't show hand 
*** SUMMARY ***
Total pot 296 | Rake 0 
Seat 1: Gioiatpkmj folded before Flop (didn't bet)
Seat 2: Carlospnhr86 (button) folded before Flop (didn't bet)
Seat 3: jannepekka (small blind) folded before Flop
Seat 4: Tincho Farias (big blind) folded before Flop
Seat 5: marianoacha folded before Flop (didn't bet)
Seat 6: Kobojo folded before Flop (didn't bet)
Seat 7: Gabrielfs13 collected (296)
Seat 8: Santocx folded before Flop (didn't bet)



PokerStars Hand #257263458841: Tournament #3914634373, $4.90+$4.90+$1.20 USD Hold'em No Limit - Level IV (40/80) - 2025/08/08 14:05:26 BRT [2025/08/08 13:05:26 ET]
Table '3914634373 123' 8-max Seat #3 is the button
Seat 1: Gioiatpkmj (5298 in chips) 
Seat 2: Carlospnhr86 (2784 in chips) is sitting out
Seat 3: jannepekka (5359 in chips) 
Seat 4: Tincho Farias (7687 in chips) 
Seat 5: marianoacha (4350 in chips) 
Seat 6: Kobojo (4491 in chips) 
Seat 7: Gabrielfs13 (7418 in chips) 
Seat 8: Santocx (3850 in chips) 
Gioiatpkmj: posts the ante 12
Carlospnhr86: posts the ante 12
jannepekka: posts the ante 12
Tincho Farias: posts the ante 12
marianoacha: posts the ante 12
Kobojo: posts the ante 12
Gabrielfs13: posts the ante 12
Santocx: posts the ante 12
Tincho Farias: posts small blind 40
marianoacha: posts big blind 80
*** HOLE CARDS ***
Dealt to Gabrielfs13 [Jh 2s]
Kobojo: folds 
Gabrielfs13: folds 
Santocx: raises 80 to 160
Gioiatpkmj: folds 
Carlospnhr86: folds 
jannepekka: folds 
Tincho Farias: folds 
marianoacha: calls 80
*** FLOP *** [8s 9c 7d]
marianoacha: checks 
Santocx: checks 
*** TURN *** [8s 9c 7d] [3h]
marianoacha: bets 342
Santocx: folds 
Uncalled bet (342) returned to marianoacha
marianoacha collected 456 from pot
*** SUMMARY ***
Total pot 456 | Rake 0 
Board [8s 9c 7d 3h]
Seat 1: Gioiatpkmj folded before Flop (didn't bet)
Seat 2: Carlospnhr86 folded before Flop (didn't bet)
Seat 3: jannepekka (button) folded before Flop (didn't bet)
Seat 4: Tincho Farias (small blind) folded before Flop
Seat 5: marianoacha (big blind) collected (456)
Seat 6: Kobojo folded before Flop (didn't bet)
Seat 7: Gabrielfs13 folded before Flop (didn't bet)
Seat 8: Santocx folded on the Turn



PokerStars Hand #257263465079: Tournament #3914634373, $4.90+$4.90+$1.20 USD Hold'em No Limit - Level IV (40/80) - 2025/08/08 14:05:59 BRT [2025/08/08 13:05:59 ET]
Table '3914634373 123' 8-max Seat #4 is the button
Seat 1: Gioiatpkmj (5286 in chips) 
Seat 2: Carlospnhr86 (2772 in chips) is sitting out
Seat 3: jannepekka (5347 in chips) 
Seat 4: Tincho Farias (7635 in chips) 
Seat 5: marianoacha (4634 in chips) 
Seat 6: Kobojo (4479 in chips) 
Seat 7: Gabrielfs13 (7406 in chips) 
Seat 8: Santocx (3678 in chips) 
Gioiatpkmj: posts the ante 12
Carlospnhr86: posts the ante 12
jannepekka: posts the ante 12
Tincho Farias: posts the ante 12
marianoacha: posts the ante 12
Kobojo: posts the ante 12
Gabrielfs13: posts the ante 12
Santocx: posts the ante 12
marianoacha: posts small blind 40
Kobojo: posts big blind 80
*** HOLE CARDS ***
Dealt to Gabrielfs13 [Kh Jd]
Gabrielfs13: raises 80 to 160
Santocx: folds 
Gioiatpkmj: raises 320 to 480
Carlospnhr86: folds 
jannepekka: folds 
Carlospnhr86 is disconnected 
Carlospnhr86 has returned
Tincho Farias is disconnected 
Tincho Farias has timed out while disconnected
Tincho Farias: folds 
Tincho Farias is sitting out
marianoacha: folds 
Tincho Farias is disconnected 
Kobojo: folds 
Gabrielfs13: folds 
Uncalled bet (320) returned to Gioiatpkmj
Gioiatpkmj collected 536 from pot
Gioiatpkmj: doesn't show hand 
*** SUMMARY ***
Total pot 536 | Rake 0 
Seat 1: Gioiatpkmj collected (536)
Seat 2: Carlospnhr86 folded before Flop (didn't bet)
Seat 3: jannepekka folded before Flop (didn't bet)
Seat 4: Tincho Farias (button) folded before Flop (didn't bet)
Seat 5: marianoacha (small blind) folded before Flop
Seat 6: Kobojo (big blind) folded before Flop
Seat 7: Gabrielfs13 folded before Flop
Seat 8: Santocx folded before Flop (didn't bet)



PokerStars Hand #257263480064: Tournament #3914634373, $4.90+$4.90+$1.20 USD Hold'em No Limit - Level IV (40/80) - 2025/08/08 14:07:20 BRT [2025/08/08 13:07:20 ET]
Table '3914634373 123' 8-max Seat #5 is the button
Seat 1: Gioiatpkmj (5650 in chips) 
Seat 2: Carlospnhr86 (2760 in chips) 
Seat 3: jannepekka (5335 in chips) 
Seat 4: Tincho Farias (7623 in chips) is sitting out
Seat 5: marianoacha (4582 in chips) 
Seat 6: Kobojo (4387 in chips) 
Seat 7: Gabrielfs13 (7234 in chips) 
Seat 8: Santocx (3666 in chips) 
Gioiatpkmj: posts the ante 12
Carlospnhr86: posts the ante 12
jannepekka: posts the ante 12
Tincho Farias: posts the ante 12
marianoacha: posts the ante 12
Kobojo: posts the ante 12
Gabrielfs13: posts the ante 12
Santocx: posts the ante 12
Kobojo: posts small blind 40
Gabrielfs13: posts big blind 80
*** HOLE CARDS ***
Dealt to Gabrielfs13 [4c Qd]
Santocx: folds 
Gioiatpkmj: folds 
Carlospnhr86: folds 
jannepekka: folds 
Tincho Farias: folds 
marianoacha: raises 80 to 160
Tincho Farias is disconnected 
Kobojo: folds 
Gabrielfs13: folds 
Uncalled bet (80) returned to marianoacha
marianoacha collected 296 from pot
*** SUMMARY ***
Total pot 296 | Rake 0 
Seat 1: Gioiatpkmj folded before Flop (didn't bet)
Seat 2: Carlospnhr86 folded before Flop (didn't bet)
Seat 3: jannepekka folded before Flop (didn't bet)
Seat 4: Tincho Farias folded before Flop (didn't bet)
Seat 5: marianoacha (button) collected (296)
Seat 6: Kobojo (small blind) folded before Flop
Seat 7: Gabrielfs13 (big blind) folded before Flop
Seat 8: Santocx folded before Flop (didn't bet)



PokerStars Hand #257263483749: Tournament #3914634373, $4.90+$4.90+$1.20 USD Hold'em No Limit - Level IV (40/80) - 2025/08/08 14:07:40 BRT [2025/08/08 13:07:40 ET]
Table '3914634373 123' 8-max Seat #6 is the button
Seat 1: Gioiatpkmj (5638 in chips) 
Seat 2: Carlospnhr86 (2748 in chips) 
Seat 3: jannepekka (5323 in chips) 
Seat 4: Tincho Farias (7611 in chips) is sitting out
Seat 5: marianoacha (4786 in chips) 
Seat 6: Kobojo (4335 in chips) 
Seat 7: Gabrielfs13 (7142 in chips) 
Seat 8: Santocx (3654 in chips) 
Gioiatpkmj: posts the ante 12
Carlospnhr86: posts the ante 12
jannepekka: posts the ante 12
Tincho Farias: posts the ante 12
marianoacha: posts the ante 12
Kobojo: posts the ante 12
Gabrielfs13: posts the ante 12
Santocx: posts the ante 12
Gabrielfs13: posts small blind 40
Santocx: posts big blind 80
*** HOLE CARDS ***
Dealt to Gabrielfs13 [7h 6h]
Gioiatpkmj: folds 
Carlospnhr86: folds 
jannepekka: folds 
Tincho Farias: folds 
marianoacha: folds 
Kobojo: raises 80 to 160
Gabrielfs13: calls 120
Santocx: calls 80
*** FLOP *** [6c 3s 7d]
Gabrielfs13: checks 
Santocx: checks 
Kobojo: checks 
*** TURN *** [6c 3s 7d] [8d]
Gabrielfs13: bets 400
Santocx: calls 400
Kobojo: folds 
*** RIVER *** [6c 3s 7d 8d] [3c]
Tincho Farias is disconnected 
Tincho Farias has returned
Gabrielfs13: checks 
Santocx: checks 
*** SHOW DOWN ***
Gabrielfs13: shows [7h 6h] (two pair, Sevens and Sixes)
Santocx: mucks hand 
Gabrielfs13 collected 1376 from pot
*** SUMMARY ***
Total pot 1376 | Rake 0 
Board [6c 3s 7d 8d 3c]
Seat 1: Gioiatpkmj folded before Flop (didn't bet)
Seat 2: Carlospnhr86 folded before Flop (didn't bet)
Seat 3: jannepekka folded before Flop (didn't bet)
Seat 4: Tincho Farias folded before Flop (didn't bet)
Seat 5: marianoacha folded before Flop (didn't bet)
Seat 6: Kobojo (button) folded on the Turn
Seat 7: Gabrielfs13 (small blind) showed [7h 6h] and won (1376) with two pair, Sevens and Sixes
Seat 8: Santocx (big blind) mucked [Ad 5d]



PokerStars Hand #257263493632: Tournament #3914634373, $4.90+$4.90+$1.20 USD Hold'em No Limit - Level IV (40/80) - 2025/08/08 14:08:32 BRT [2025/08/08 13:08:32 ET]
Table '3914634373 123' 8-max Seat #7 is the button
Seat 1: Gioiatpkmj (5626 in chips) 
Seat 2: Carlospnhr86 (2736 in chips) 
Seat 3: jannepekka (5311 in chips) 
Seat 4: Tincho Farias (7599 in chips) 
Seat 5: marianoacha (4774 in chips) 
Seat 6: Kobojo (4163 in chips) 
Seat 7: Gabrielfs13 (7946 in chips) 
Seat 8: Santocx (3082 in chips) 
Gioiatpkmj: posts the ante 12
Carlospnhr86: posts the ante 12
jannepekka: posts the ante 12
Tincho Farias: posts the ante 12
marianoacha: posts the ante 12
Kobojo: posts the ante 12
Gabrielfs13: posts the ante 12
Santocx: posts the ante 12
Santocx: posts small blind 40
Gioiatpkmj: posts big blind 80
*** HOLE CARDS ***
Dealt to Gabrielfs13 [4h Qd]
Carlospnhr86: folds 
jannepekka: folds 
Tincho Farias: folds 
marianoacha: folds 
Kobojo: raises 80 to 160
Gabrielfs13: folds 
Santocx: folds 
Gioiatpkmj: calls 80
*** FLOP *** [8d Kc Td]
Gioiatpkmj: checks 
Kobojo: bets 150
Gioiatpkmj: calls 150
*** TURN *** [8d Kc Td] [4s]
Gioiatpkmj: checks 
Kobojo: bets 567
Gioiatpkmj: folds 
Uncalled bet (567) returned to Kobojo
Kobojo collected 756 from pot
*** SUMMARY ***
Total pot 756 | Rake 0 
Board [8d Kc Td 4s]
Seat 1: Gioiatpkmj (big blind) folded on the Turn
Seat 2: Carlospnhr86 folded before Flop (didn't bet)
Seat 3: jannepekka folded before Flop (didn't bet)
Seat 4: Tincho Farias folded before Flop (didn't bet)
Seat 5: marianoacha folded before Flop (didn't bet)
Seat 6: Kobojo collected (756)
Seat 7: Gabrielfs13 (button) folded before Flop (didn't bet)
Seat 8: Santocx (small blind) folded before Flop



PokerStars Hand #257263508990: Tournament #3914634373, $4.90+$4.90+$1.20 USD Hold'em No Limit - Level V (45/90) - 2025/08/08 14:09:55 BRT [2025/08/08 13:09:55 ET]
Table '3914634373 123' 8-max Seat #8 is the button
Seat 1: Gioiatpkmj (5304 in chips) 
Seat 2: Carlospnhr86 (2724 in chips) 
Seat 3: jannepekka (5299 in chips) 
Seat 4: Tincho Farias (7587 in chips) 
Seat 5: marianoacha (4762 in chips) 
Seat 6: Kobojo (4597 in chips) 
Seat 7: Gabrielfs13 (7934 in chips) 
Seat 8: Santocx (3030 in chips) 
Gioiatpkmj: posts the ante 14
Carlospnhr86: posts the ante 14
jannepekka: posts the ante 14
Tincho Farias: posts the ante 14
marianoacha: posts the ante 14
Kobojo: posts the ante 14
Gabrielfs13: posts the ante 14
Santocx: posts the ante 14
Gioiatpkmj: posts small blind 45
Carlospnhr86: posts big blind 90
*** HOLE CARDS ***
Dealt to Gabrielfs13 [Js 9s]
jannepekka: folds 
Tincho Farias: raises 90 to 180
marianoacha: folds 
Kobojo: raises 405 to 585
Gabrielfs13: folds 
Santocx: folds 
Gioiatpkmj: folds 
Carlospnhr86: folds 
Tincho Farias: folds 
Uncalled bet (405) returned to Kobojo
Kobojo collected 607 from pot
*** SUMMARY ***
Total pot 607 | Rake 0 
Seat 1: Gioiatpkmj (small blind) folded before Flop
Seat 2: Carlospnhr86 (big blind) folded before Flop
Seat 3: jannepekka folded before Flop (didn't bet)
Seat 4: Tincho Farias folded before Flop
Seat 5: marianoacha folded before Flop (didn't bet)
Seat 6: Kobojo collected (607)
Seat 7: Gabrielfs13 folded before Flop (didn't bet)
Seat 8: Santocx (button) folded before Flop (didn't bet)



PokerStars Hand #257263518050: Tournament #3914634373, $4.90+$4.90+$1.20 USD Hold'em No Limit - Level V (45/90) - 2025/08/08 14:10:42 BRT [2025/08/08 13:10:42 ET]
Table '3914634373 123' 8-max Seat #1 is the button
Seat 1: Gioiatpkmj (5245 in chips) 
Seat 2: Carlospnhr86 (2620 in chips) 
Seat 3: jannepekka (5285 in chips) 
Seat 4: Tincho Farias (7393 in chips) 
Seat 5: marianoacha (4748 in chips) 
Seat 6: Kobojo (5010 in chips) 
Seat 7: Gabrielfs13 (7920 in chips) 
Seat 8: Santocx (3016 in chips) 
Gioiatpkmj: posts the ante 14
Carlospnhr86: posts the ante 14
jannepekka: posts the ante 14
Tincho Farias: posts the ante 14
marianoacha: posts the ante 14
Kobojo: posts the ante 14
Gabrielfs13: posts the ante 14
Santocx: posts the ante 14
Carlospnhr86: posts small blind 45
jannepekka: posts big blind 90
*** HOLE CARDS ***
Dealt to Gabrielfs13 [9s Ad]
Tincho Farias: folds 
marianoacha: folds 
Kobojo: folds 
Gabrielfs13: raises 90 to 180
Santocx: folds 
Gioiatpkmj: calls 180
Carlospnhr86: folds 
jannepekka: calls 90
*** FLOP *** [Ks Ac 6s]
jannepekka: checks 
Gabrielfs13: bets 349
Gioiatpkmj: folds 
jannepekka: folds 
Uncalled bet (349) returned to Gabrielfs13
Gabrielfs13 collected 697 from pot
Gabrielfs13: doesn't show hand 
*** SUMMARY ***
Total pot 697 | Rake 0 
Board [Ks Ac 6s]
Seat 1: Gioiatpkmj (button) folded on the Flop
Seat 2: Carlospnhr86 (small blind) folded before Flop
Seat 3: jannepekka (big blind) folded on the Flop
Seat 4: Tincho Farias folded before Flop (didn't bet)
Seat 5: marianoacha folded before Flop (didn't bet)
Seat 6: Kobojo folded before Flop (didn't bet)
Seat 7: Gabrielfs13 collected (697)
Seat 8: Santocx folded before Flop (didn't bet)



PokerStars Hand #257263529402: Tournament #3914634373, $4.90+$4.90+$1.20 USD Hold'em No Limit - Level V (45/90) - 2025/08/08 14:11:43 BRT [2025/08/08 13:11:43 ET]
Table '3914634373 123' 8-max Seat #2 is the button
Seat 1: Gioiatpkmj (5051 in chips) 
Seat 2: Carlospnhr86 (2561 in chips) 
Seat 3: jannepekka (5091 in chips) 
Seat 4: Tincho Farias (7379 in chips) 
Seat 5: marianoacha (4734 in chips) 
Seat 6: Kobojo (4996 in chips) 
Seat 7: Gabrielfs13 (8423 in chips) 
Seat 8: Santocx (3002 in chips) 
Gioiatpkmj: posts the ante 14
Carlospnhr86: posts the ante 14
jannepekka: posts the ante 14
Tincho Farias: posts the ante 14
marianoacha: posts the ante 14
Kobojo: posts the ante 14
Gabrielfs13: posts the ante 14
Santocx: posts the ante 14
jannepekka: posts small blind 45
Tincho Farias: posts big blind 90
*** HOLE CARDS ***
Dealt to Gabrielfs13 [7c 4d]
marianoacha: folds 
Kobojo: folds 
Gabrielfs13: folds 
Santocx: folds 
Gioiatpkmj: raises 90 to 180
Carlospnhr86: raises 2367 to 2547 and is all-in
jannepekka: folds 
Tincho Farias: folds 
Gioiatpkmj: calls 2367
*** FLOP *** [8s Js 2s]
*** TURN *** [8s Js 2s] [Jd]
*** RIVER *** [8s Js 2s Jd] [Qc]
*** SHOW DOWN ***
Gioiatpkmj: shows [9c 9h] (two pair, Jacks and Nines)
Carlospnhr86: shows [Kc As] (a pair of Jacks)
Gioiatpkmj collected 5341 from pot
Carlospnhr86 finished the tournament
*** SUMMARY ***
Total pot 5341 | Rake 0 
Board [8s Js 2s Jd Qc]
Seat 1: Gioiatpkmj showed [9c 9h] and won (5341) with two pair, Jacks and Nines
Seat 2: Carlospnhr86 (button) showed [Kc As] and lost with a pair of Jacks
Seat 3: jannepekka (small blind) folded before Flop
Seat 4: Tincho Farias (big blind) folded before Flop
Seat 5: marianoacha folded before Flop (didn't bet)
Seat 6: Kobojo folded before Flop (didn't bet)
Seat 7: Gabrielfs13 folded before Flop (didn't bet)
Seat 8: Santocx folded before Flop (didn't bet)



PokerStars Hand #257263541125: Tournament #3914634373, $4.90+$4.90+$1.20 USD Hold'em No Limit - Level V (45/90) - 2025/08/08 14:12:45 BRT [2025/08/08 13:12:45 ET]
Table '3914634373 123' 8-max Seat #3 is the button
Seat 1: Gioiatpkmj (7831 in chips) 
Seat 3: jannepekka (5032 in chips) 
Seat 4: Tincho Farias (7275 in chips) 
Seat 5: marianoacha (4720 in chips) 
Seat 6: Kobojo (4982 in chips) 
Seat 7: Gabrielfs13 (8409 in chips) 
Seat 8: Santocx (2988 in chips) 
Gioiatpkmj: posts the ante 14
jannepekka: posts the ante 14
Tincho Farias: posts the ante 14
marianoacha: posts the ante 14
Kobojo: posts the ante 14
Gabrielfs13: posts the ante 14
Santocx: posts the ante 14
Tincho Farias: posts small blind 45
marianoacha: posts big blind 90
*** HOLE CARDS ***
Dealt to Gabrielfs13 [Ad 5c]
Kobojo: folds 
Gabrielfs13: folds 
Santocx: folds 
Gioiatpkmj: folds 
jannepekka: folds 
Tincho Farias: folds 
Uncalled bet (45) returned to marianoacha
marianoacha collected 188 from pot
*** SUMMARY ***
Total pot 188 | Rake 0 
Seat 1: Gioiatpkmj folded before Flop (didn't bet)
Seat 3: jannepekka (button) folded before Flop (didn't bet)
Seat 4: Tincho Farias (small blind) folded before Flop
Seat 5: marianoacha (big blind) collected (188)
Seat 6: Kobojo folded before Flop (didn't bet)
Seat 7: Gabrielfs13 folded before Flop (didn't bet)
Seat 8: Santocx folded before Flop (didn't bet)



PokerStars Hand #257263544621: Tournament #3914634373, $4.90+$4.90+$1.20 USD Hold'em No Limit - Level V (45/90) - 2025/08/08 14:13:04 BRT [2025/08/08 13:13:04 ET]
Table '3914634373 123' 8-max Seat #4 is the button
Seat 1: Gioiatpkmj (7817 in chips) 
Seat 2: Olli8Dauti (5000 in chips) 
Seat 3: jannepekka (5018 in chips) 
Seat 4: Tincho Farias (7216 in chips) 
Seat 5: marianoacha (4849 in chips) 
Seat 6: Kobojo (4968 in chips) 
Seat 7: Gabrielfs13 (8395 in chips) 
Seat 8: Santocx (2974 in chips) 
Gioiatpkmj: posts the ante 14
Olli8Dauti: posts the ante 14
jannepekka: posts the ante 14
Tincho Farias: posts the ante 14
marianoacha: posts the ante 14
Kobojo: posts the ante 14
Gabrielfs13: posts the ante 14
Santocx: posts the ante 14
marianoacha: posts small blind 45
Kobojo: posts big blind 90
*** HOLE CARDS ***
Dealt to Gabrielfs13 [Tc 6c]
Gabrielfs13: folds 
Santocx: folds 
Gioiatpkmj: folds 
Olli8Dauti: raises 100 to 190
jannepekka: folds 
Tincho Farias: folds 
marianoacha: folds 
Kobojo: folds 
Uncalled bet (100) returned to Olli8Dauti
Olli8Dauti collected 337 from pot
Olli8Dauti: doesn't show hand 
*** SUMMARY ***
Total pot 337 | Rake 0 
Seat 1: Gioiatpkmj folded before Flop (didn't bet)
Seat 2: Olli8Dauti collected (337)
Seat 3: jannepekka folded before Flop (didn't bet)
Seat 4: Tincho Farias (button) folded before Flop (didn't bet)
Seat 5: marianoacha (small blind) folded before Flop
Seat 6: Kobojo (big blind) folded before Flop
Seat 7: Gabrielfs13 folded before Flop (didn't bet)
Seat 8: Santocx folded before Flop (didn't bet)



PokerStars Hand #257263552211: Tournament #3914634373, $4.90+$4.90+$1.20 USD Hold'em No Limit - Level V (45/90) - 2025/08/08 14:13:43 BRT [2025/08/08 13:13:43 ET]
Table '3914634373 123' 8-max Seat #5 is the button
Seat 1: Gioiatpkmj (7803 in chips) 
Seat 2: Olli8Dauti (5233 in chips) 
Seat 3: jannepekka (5004 in chips) 
Seat 4: Tincho Farias (7202 in chips) 
Seat 5: marianoacha (4790 in chips) 
Seat 6: Kobojo (4864 in chips) 
Seat 7: Gabrielfs13 (8381 in chips) 
Seat 8: Santocx (2960 in chips) 
Gioiatpkmj: posts the ante 14
Olli8Dauti: posts the ante 14
jannepekka: posts the ante 14
Tincho Farias: posts the ante 14
marianoacha: posts the ante 14
Kobojo: posts the ante 14
Gabrielfs13: posts the ante 14
Santocx: posts the ante 14
Kobojo: posts small blind 45
Gabrielfs13: posts big blind 90
*** HOLE CARDS ***
Dealt to Gabrielfs13 [5d Kh]
Santocx: folds 
Gioiatpkmj: folds 
Olli8Dauti: raises 90 to 180
jannepekka: folds 
Tincho Farias: folds 
marianoacha: folds 
Kobojo: folds 
Gabrielfs13: raises 585 to 765
Olli8Dauti: calls 585
*** FLOP *** [Jc Jd 2d]
Gabrielfs13: bets 540
Olli8Dauti: calls 540
*** TURN *** [Jc Jd 2d] [9s]
Gabrielfs13: bets 1384
Olli8Dauti: calls 1384
*** RIVER *** [Jc Jd 2d 9s] [Kc]
Gabrielfs13: bets 2610
Olli8Dauti: calls 2530 and is all-in
Uncalled bet (80) returned to Gabrielfs13
*** SHOW DOWN ***
Gabrielfs13: shows [5d Kh] (two pair, Kings and Jacks)
Olli8Dauti: shows [Qc Js] (three of a kind, Jacks)
Olli8Dauti collected 10595 from pot
*** SUMMARY ***
Total pot 10595 | Rake 0 
Board [Jc Jd 2d 9s Kc]
Seat 1: Gioiatpkmj folded before Flop (didn't bet)
Seat 2: Olli8Dauti showed [Qc Js] and won (10595) with three of a kind, Jacks
Seat 3: jannepekka folded before Flop (didn't bet)
Seat 4: Tincho Farias folded before Flop (didn't bet)
Seat 5: marianoacha (button) folded before Flop (didn't bet)
Seat 6: Kobojo (small blind) folded before Flop
Seat 7: Gabrielfs13 (big blind) showed [5d Kh] and lost with two pair, Kings and Jacks
Seat 8: Santocx folded before Flop (didn't bet)



PokerStars Hand #257263570478: Tournament #3914634373, $4.90+$4.90+$1.20 USD Hold'em No Limit - Level V (45/90) - 2025/08/08 14:15:20 BRT [2025/08/08 13:15:20 ET]
Table '3914634373 123' 8-max Seat #6 is the button
Seat 1: Gioiatpkmj (7789 in chips) 
Seat 2: Olli8Dauti (10595 in chips) 
Seat 3: jannepekka (4990 in chips) 
Seat 4: Tincho Farias (7188 in chips) 
Seat 5: marianoacha (4776 in chips) 
Seat 6: Kobojo (4805 in chips) 
Seat 7: Gabrielfs13 (3148 in chips) 
Seat 8: Santocx (2946 in chips) 
Gioiatpkmj: posts the ante 14
Olli8Dauti: posts the ante 14
jannepekka: posts the ante 14
Tincho Farias: posts the ante 14
marianoacha: posts the ante 14
Kobojo: posts the ante 14
Gabrielfs13: posts the ante 14
Santocx: posts the ante 14
Gabrielfs13: posts small blind 45
Santocx: posts big blind 90
*** HOLE CARDS ***
Dealt to Gabrielfs13 [Qh 8d]
Gioiatpkmj: folds 
Olli8Dauti: folds 
jannepekka: folds 
Tincho Farias: folds 
marianoacha: folds 
Kobojo: raises 90 to 180
Gabrielfs13: folds 
Santocx: raises 495 to 675
Kobojo: folds 
Uncalled bet (495) returned to Santocx
Santocx collected 517 from pot
Santocx: doesn't show hand 
*** SUMMARY ***
Total pot 517 | Rake 0 
Seat 1: Gioiatpkmj folded before Flop (didn't bet)
Seat 2: Olli8Dauti folded before Flop (didn't bet)
Seat 3: jannepekka folded before Flop (didn't bet)
Seat 4: Tincho Farias folded before Flop (didn't bet)
Seat 5: marianoacha folded before Flop (didn't bet)
Seat 6: Kobojo (button) folded before Flop
Seat 7: Gabrielfs13 (small blind) folded before Flop
Seat 8: Santocx (big blind) collected (517)



PokerStars Hand #257263579045: Tournament #3914634373, $4.90+$4.90+$1.20 USD Hold'em No Limit - Level V (45/90) - 2025/08/08 14:16:06 BRT [2025/08/08 13:16:06 ET]
Table '3914634373 123' 8-max Seat #7 is the button
Seat 1: Gioiatpkmj (7775 in chips) 
Seat 2: Olli8Dauti (10581 in chips) 
Seat 3: jannepekka (4976 in chips) 
Seat 4: Tincho Farias (7174 in chips) 
Seat 5: marianoacha (4762 in chips) 
Seat 6: Kobojo (4611 in chips) 
Seat 7: Gabrielfs13 (3089 in chips) 
Seat 8: Santocx (3269 in chips) 
Gioiatpkmj: posts the ante 14
Olli8Dauti: posts the ante 14
jannepekka: posts the ante 14
Tincho Farias: posts the ante 14
marianoacha: posts the ante 14
Kobojo: posts the ante 14
Gabrielfs13: posts the ante 14
Santocx: posts the ante 14
Santocx: posts small blind 45
Gioiatpkmj: posts big blind 90
*** HOLE CARDS ***
Dealt to Gabrielfs13 [Ad 2s]
Olli8Dauti: raises 90 to 180
jannepekka: folds 
Tincho Farias: folds 
marianoacha: folds 
Kobojo: folds 
Gabrielfs13: folds 
Santocx: folds 
Gioiatpkmj: folds 
Uncalled bet (90) returned to Olli8Dauti
Olli8Dauti collected 337 from pot
Olli8Dauti: doesn't show hand 
*** SUMMARY ***
Total pot 337 | Rake 0 
Seat 1: Gioiatpkmj (big blind) folded before Flop
Seat 2: Olli8Dauti collected (337)
Seat 3: jannepekka folded before Flop (didn't bet)
Seat 4: Tincho Farias folded before Flop (didn't bet)
Seat 5: marianoacha folded before Flop (didn't bet)
Seat 6: Kobojo folded before Flop (didn't bet)
Seat 7: Gabrielfs13 (button) folded before Flop (didn't bet)
Seat 8: Santocx (small blind) folded before Flop



PokerStars Hand #257263584295: Tournament #3914634373, $4.90+$4.90+$1.20 USD Hold'em No Limit - Level V (45/90) - 2025/08/08 14:16:33 BRT [2025/08/08 13:16:33 ET]
Table '3914634373 123' 8-max Seat #8 is the button
Seat 1: Gioiatpkmj (7671 in chips) 
Seat 2: Olli8Dauti (10814 in chips) 
Seat 3: jannepekka (4962 in chips) 
Seat 4: Tincho Farias (7160 in chips) 
Seat 5: marianoacha (4748 in chips) 
Seat 6: Kobojo (4597 in chips) 
Seat 7: Gabrielfs13 (3075 in chips) 
Seat 8: Santocx (3210 in chips) 
Gioiatpkmj: posts the ante 14
Olli8Dauti: posts the ante 14
jannepekka: posts the ante 14
Tincho Farias: posts the ante 14
marianoacha: posts the ante 14
Kobojo: posts the ante 14
Gabrielfs13: posts the ante 14
Santocx: posts the ante 14
Gioiatpkmj: posts small blind 45
Olli8Dauti: posts big blind 90
*** HOLE CARDS ***
Dealt to Gabrielfs13 [9h 3c]
jannepekka: folds 
Tincho Farias: folds 
marianoacha: folds 
Kobojo: folds 
Gabrielfs13: folds 
Santocx: raises 90 to 180
Gioiatpkmj: raises 450 to 630
Olli8Dauti: folds 
Santocx: folds 
Uncalled bet (450) returned to Gioiatpkmj
Gioiatpkmj collected 562 from pot
Gioiatpkmj: doesn't show hand 
*** SUMMARY ***
Total pot 562 | Rake 0 
Seat 1: Gioiatpkmj (small blind) collected (562)
Seat 2: Olli8Dauti (big blind) folded before Flop
Seat 3: jannepekka folded before Flop (didn't bet)
Seat 4: Tincho Farias folded before Flop (didn't bet)
Seat 5: marianoacha folded before Flop (didn't bet)
Seat 6: Kobojo folded before Flop (didn't bet)
Seat 7: Gabrielfs13 folded before Flop (didn't bet)
Seat 8: Santocx (button) folded before Flop



PokerStars Hand #257263593326: Tournament #3914634373, $4.90+$4.90+$1.20 USD Hold'em No Limit - Level V (45/90) - 2025/08/08 14:17:21 BRT [2025/08/08 13:17:21 ET]
Table '3914634373 123' 8-max Seat #1 is the button
Seat 1: Gioiatpkmj (8039 in chips) 
Seat 2: Olli8Dauti (10710 in chips) 
Seat 4: Tincho Farias (7146 in chips) 
Seat 5: marianoacha (4734 in chips) 
Seat 6: Kobojo (4583 in chips) 
Seat 7: Gabrielfs13 (3061 in chips) 
Seat 8: Santocx (3016 in chips) 
Gioiatpkmj: posts the ante 14
Olli8Dauti: posts the ante 14
Tincho Farias: posts the ante 14
marianoacha: posts the ante 14
Kobojo: posts the ante 14
Gabrielfs13: posts the ante 14
Santocx: posts the ante 14
Olli8Dauti: posts small blind 45
Tincho Farias: posts big blind 90
*** HOLE CARDS ***
Dealt to Gabrielfs13 [Ah 2d]
marianoacha: folds 
Kobojo: folds 
Gabrielfs13: folds 
Santocx: raises 90 to 180
Gioiatpkmj: folds 
Olli8Dauti: calls 135
Tincho Farias: calls 90
*** FLOP *** [7s Qh 8d]
Olli8Dauti: checks 
Tincho Farias: checks 
Santocx: checks 
*** TURN *** [7s Qh 8d] [8s]
Olli8Dauti: checks 
Tincho Farias: bets 180
Santocx: calls 180
Olli8Dauti: calls 180
*** RIVER *** [7s Qh 8d 8s] [Ts]
Olli8Dauti: checks 
Tincho Farias: bets 270
Santocx: raises 702 to 972
Olli8Dauti: folds 
Tincho Farias: calls 702
*** SHOW DOWN ***
Santocx: shows [4s Ks] (a flush, King high)
Tincho Farias: mucks hand 
Santocx collected 3122 from pot
*** SUMMARY ***
Total pot 3122 | Rake 0 
Board [7s Qh 8d 8s Ts]
Seat 1: Gioiatpkmj (button) folded before Flop (didn't bet)
Seat 2: Olli8Dauti (small blind) folded on the River
Seat 4: Tincho Farias (big blind) mucked [5c 8c]
Seat 5: marianoacha folded before Flop (didn't bet)
Seat 6: Kobojo folded before Flop (didn't bet)
Seat 7: Gabrielfs13 folded before Flop (didn't bet)
Seat 8: Santocx showed [4s Ks] and won (3122) with a flush, King high



PokerStars Hand #257263611912: Tournament #3914634373, $4.90+$4.90+$1.20 USD Hold'em No Limit - Level VI (50/100) - 2025/08/08 14:18:57 BRT [2025/08/08 13:18:57 ET]
Table '3914634373 123' 8-max Seat #2 is the button
Seat 1: Gioiatpkmj (8025 in chips) 
Seat 2: Olli8Dauti (10336 in chips) 
Seat 3: Alek2209 (5000 in chips) out of hand (moved from another table into small blind)
Seat 4: Tincho Farias (5800 in chips) 
Seat 5: marianoacha (4720 in chips) 
Seat 6: Kobojo (4569 in chips) 
Seat 7: Gabrielfs13 (3047 in chips) 
Seat 8: Santocx (4792 in chips) 
Alek2209 will be allowed to play after the button
Gioiatpkmj: posts the ante 15
Olli8Dauti: posts the ante 15
Tincho Farias: posts the ante 15
marianoacha: posts the ante 15
Kobojo: posts the ante 15
Gabrielfs13: posts the ante 15
Santocx: posts the ante 15
Tincho Farias: posts small blind 50
marianoacha: posts big blind 100
*** HOLE CARDS ***
Dealt to Gabrielfs13 [2c Td]
Kobojo: folds 
Gabrielfs13: folds 
Santocx: folds 
Gioiatpkmj: folds 
Olli8Dauti: folds 
Tincho Farias: folds 
Uncalled bet (50) returned to marianoacha
marianoacha collected 205 from pot
*** SUMMARY ***
Total pot 205 | Rake 0 
Seat 1: Gioiatpkmj folded before Flop (didn't bet)
Seat 2: Olli8Dauti (button) folded before Flop (didn't bet)
Seat 4: Tincho Farias (small blind) folded before Flop
Seat 5: marianoacha (big blind) collected (205)
Seat 6: Kobojo folded before Flop (didn't bet)
Seat 7: Gabrielfs13 folded before Flop (didn't bet)
Seat 8: Santocx folded before Flop (didn't bet)



PokerStars Hand #257263615948: Tournament #3914634373, $4.90+$4.90+$1.20 USD Hold'em No Limit - Level VI (50/100) - 2025/08/08 14:19:18 BRT [2025/08/08 13:19:18 ET]
Table '3914634373 123' 8-max Seat #4 is the button
Seat 1: Gioiatpkmj (8010 in chips) 
Seat 2: Olli8Dauti (10321 in chips) 
Seat 3: Alek2209 (5000 in chips) 
Seat 4: Tincho Farias (5735 in chips) 
Seat 5: marianoacha (4860 in chips) 
Seat 6: Kobojo (4554 in chips) 
Seat 7: Gabrielfs13 (3032 in chips) 
Seat 8: Santocx (4777 in chips) 
Gioiatpkmj: posts the ante 15
Olli8Dauti: posts the ante 15
Alek2209: posts the ante 15
Tincho Farias: posts the ante 15
marianoacha: posts the ante 15
Kobojo: posts the ante 15
Gabrielfs13: posts the ante 15
Santocx: posts the ante 15
marianoacha: posts small blind 50
Kobojo: posts big blind 100
*** HOLE CARDS ***
Dealt to Gabrielfs13 [Jc Kc]
Gabrielfs13: raises 100 to 200
Santocx: folds 
Gioiatpkmj: raises 350 to 550
Olli8Dauti: folds 
Alek2209: folds 
Tincho Farias: folds 
marianoacha: folds 
Kobojo: folds 
Gabrielfs13: calls 350
*** FLOP *** [3h 5c Kh]
Gabrielfs13: checks 
Gioiatpkmj: bets 343
Gabrielfs13: raises 657 to 1000
Gioiatpkmj: calls 657
*** TURN *** [3h 5c Kh] [9s]
Gabrielfs13: checks 
Gioiatpkmj: bets 6445 and is all-in
Gabrielfs13: calls 1467 and is all-in
Uncalled bet (4978) returned to Gioiatpkmj
*** RIVER *** [3h 5c Kh 9s] [4c]
*** SHOW DOWN ***
Gabrielfs13: shows [Jc Kc] (a pair of Kings)
Gioiatpkmj: shows [Ks Qs] (a pair of Kings - Queen kicker)
Gioiatpkmj collected 6304 from pot
Gabrielfs13 finished the tournament
*** SUMMARY ***
Total pot 6304 | Rake 0 
Board [3h 5c Kh 9s 4c]
Seat 1: Gioiatpkmj showed [Ks Qs] and won (6304) with a pair of Kings
Seat 2: Olli8Dauti folded before Flop (didn't bet)
Seat 3: Alek2209 folded before Flop (didn't bet)
Seat 4: Tincho Farias (button) folded before Flop (didn't bet)
Seat 5: marianoacha (small blind) folded before Flop
Seat 6: Kobojo (big blind) folded before Flop
Seat 7: Gabrielfs13 showed [Jc Kc] and lost with a pair of Kings
Seat 8: Santocx folded before Flop (didn't bet)



PokerStars Hand #257263660888: Tournament #3914634373, $4.90+$4.90+$1.20 USD Hold'em No Limit - Level VI (50/100) - 2025/08/08 14:23:11 BRT [2025/08/08 13:23:11 ET]
Table '3914634373 28' 8-max Seat #8 is the button
Seat 1: -Gallesz89- (5448 in chips) 
Seat 2: turco1152 (5904 in chips) 
Seat 3: Mir0nchik (5064 in chips) 
Seat 4: Coomoo98 (2534 in chips) 
Seat 5: ShonkyTonk (7595 in chips) 
Seat 6: wakaemdown (3507 in chips) is sitting out
Seat 7: Gabrielfs13 (5000 in chips) 
Seat 8: Loafty (4784 in chips) 
-Gallesz89-: posts the ante 15
turco1152: posts the ante 15
Mir0nchik: posts the ante 15
Coomoo98: posts the ante 15
ShonkyTonk: posts the ante 15
wakaemdown: posts the ante 15
Gabrielfs13: posts the ante 15
Loafty: posts the ante 15
-Gallesz89-: posts small blind 50
turco1152: posts big blind 100
*** HOLE CARDS ***
Dealt to Gabrielfs13 [6c 3s]
Mir0nchik: folds 
Coomoo98: folds 
ShonkyTonk: folds 
wakaemdown: folds 
Gabrielfs13: folds 
Loafty: folds 
-Gallesz89-: folds 
Uncalled bet (50) returned to turco1152
turco1152 collected 220 from pot
*** SUMMARY ***
Total pot 220 | Rake 0 
Seat 1: -Gallesz89- (small blind) folded before Flop
Seat 2: turco1152 (big blind) collected (220)
Seat 3: Mir0nchik folded before Flop (didn't bet)
Seat 4: Coomoo98 folded before Flop (didn't bet)
Seat 5: ShonkyTonk folded before Flop (didn't bet)
Seat 6: wakaemdown folded before Flop (didn't bet)
Seat 7: Gabrielfs13 folded before Flop (didn't bet)
Seat 8: Loafty (button) folded before Flop (didn't bet)



PokerStars Hand #257263665077: Tournament #3914634373, $4.90+$4.90+$1.20 USD Hold'em No Limit - Level VI (50/100) - 2025/08/08 14:23:33 BRT [2025/08/08 13:23:33 ET]
Table '3914634373 28' 8-max Seat #1 is the button
Seat 1: -Gallesz89- (5383 in chips) 
Seat 2: turco1152 (6059 in chips) 
Seat 3: Mir0nchik (5049 in chips) 
Seat 4: Coomoo98 (2519 in chips) 
Seat 5: ShonkyTonk (7580 in chips) 
Seat 6: wakaemdown (3492 in chips) is sitting out
Seat 7: Gabrielfs13 (4985 in chips) 
Seat 8: Loafty (4769 in chips) 
-Gallesz89-: posts the ante 15
turco1152: posts the ante 15
Mir0nchik: posts the ante 15
Coomoo98: posts the ante 15
ShonkyTonk: posts the ante 15
wakaemdown: posts the ante 15
Gabrielfs13: posts the ante 15
Loafty: posts the ante 15
turco1152: posts small blind 50
Mir0nchik: posts big blind 100
*** HOLE CARDS ***
Dealt to Gabrielfs13 [Tc 2s]
Coomoo98: folds 
ShonkyTonk: folds 
wakaemdown: folds 
wakaemdown is disconnected 
wakaemdown has returned
Gabrielfs13: folds 
Loafty: folds 
-Gallesz89-: raises 113 to 213
turco1152: folds 
Mir0nchik: calls 113
*** FLOP *** [2h Qs 6d]
Mir0nchik: checks 
-Gallesz89-: bets 197
Mir0nchik: calls 197
*** TURN *** [2h Qs 6d] [4c]
Mir0nchik: checks 
-Gallesz89-: bets 495
wakaemdown is disconnected 
Mir0nchik: folds 
Uncalled bet (495) returned to -Gallesz89-
-Gallesz89- collected 990 from pot
-Gallesz89-: doesn't show hand 
*** SUMMARY ***
Total pot 990 | Rake 0 
Board [2h Qs 6d 4c]
Seat 1: -Gallesz89- (button) collected (990)
Seat 2: turco1152 (small blind) folded before Flop
Seat 3: Mir0nchik (big blind) folded on the Turn
Seat 4: Coomoo98 folded before Flop (didn't bet)
Seat 5: ShonkyTonk folded before Flop (didn't bet)
Seat 6: wakaemdown folded before Flop (didn't bet)
Seat 7: Gabrielfs13 folded before Flop (didn't bet)
Seat 8: Loafty folded before Flop (didn't bet)



PokerStars Hand #257263674095: Tournament #3914634373, $4.90+$4.90+$1.20 USD Hold'em No Limit - Level VI (50/100) - 2025/08/08 14:24:20 BRT [2025/08/08 13:24:20 ET]
Table '3914634373 28' 8-max Seat #2 is the button
Seat 1: -Gallesz89- (5948 in chips) 
Seat 2: turco1152 (5994 in chips) 
Seat 3: Mir0nchik (4624 in chips) 
Seat 4: Coomoo98 (2504 in chips) 
Seat 5: ShonkyTonk (7565 in chips) 
Seat 6: wakaemdown (3477 in chips) 
Seat 7: Gabrielfs13 (4970 in chips) 
Seat 8: Loafty (4754 in chips) 
-Gallesz89-: posts the ante 15
turco1152: posts the ante 15
Mir0nchik: posts the ante 15
Coomoo98: posts the ante 15
ShonkyTonk: posts the ante 15
wakaemdown: posts the ante 15
Gabrielfs13: posts the ante 15
Loafty: posts the ante 15
Mir0nchik: posts small blind 50
Coomoo98: posts big blind 100
*** HOLE CARDS ***
Dealt to Gabrielfs13 [4c 3h]
ShonkyTonk: folds 
wakaemdown has timed out while disconnected
wakaemdown: folds 
wakaemdown is sitting out
Gabrielfs13: folds 
Loafty: folds 
-Gallesz89-: folds 
turco1152: folds 
Mir0nchik: calls 50
Coomoo98: checks 
*** FLOP *** [7h 4h 3s]
Mir0nchik: bets 100
Coomoo98: raises 200 to 300
Mir0nchik: calls 200
*** TURN *** [7h 4h 3s] [Jc]
Mir0nchik: checks 
Coomoo98: bets 400
Mir0nchik: folds 
Uncalled bet (400) returned to Coomoo98
Coomoo98 collected 920 from pot
Coomoo98: doesn't show hand 
*** SUMMARY ***
Total pot 920 | Rake 0 
Board [7h 4h 3s Jc]
Seat 1: -Gallesz89- folded before Flop (didn't bet)
Seat 2: turco1152 (button) folded before Flop (didn't bet)
Seat 3: Mir0nchik (small blind) folded on the Turn
Seat 4: Coomoo98 (big blind) collected (920)
Seat 5: ShonkyTonk folded before Flop (didn't bet)
Seat 6: wakaemdown folded before Flop (didn't bet)
Seat 7: Gabrielfs13 folded before Flop (didn't bet)
Seat 8: Loafty folded before Flop (didn't bet)



PokerStars Hand #257263697226: Tournament #3914634373, $4.90+$4.90+$1.20 USD Hold'em No Limit - Level VII (60/120) - 2025/08/08 14:26:21 BRT [2025/08/08 13:26:21 ET]
Table '3914634373 28' 8-max Seat #3 is the button
Seat 1: -Gallesz89- (5933 in chips) 
Seat 2: turco1152 (5979 in chips) 
Seat 3: Mir0nchik (4209 in chips) 
Seat 4: Coomoo98 (3009 in chips) 
Seat 5: ShonkyTonk (7550 in chips) 
Seat 6: wakaemdown (3462 in chips) is sitting out
Seat 7: Gabrielfs13 (4955 in chips) 
Seat 8: Loafty (4739 in chips) 
-Gallesz89-: posts the ante 18
turco1152: posts the ante 18
Mir0nchik: posts the ante 18
Coomoo98: posts the ante 18
ShonkyTonk: posts the ante 18
wakaemdown: posts the ante 18
Gabrielfs13: posts the ante 18
Loafty: posts the ante 18
Coomoo98: posts small blind 60
ShonkyTonk: posts big blind 120
*** HOLE CARDS ***
Dealt to Gabrielfs13 [Ah Ks]
wakaemdown: folds 
Gabrielfs13: raises 120 to 240
Loafty: folds 
-Gallesz89-: folds 
turco1152: folds 
Mir0nchik: calls 240
Coomoo98: folds 
ShonkyTonk: folds 
*** FLOP *** [2s Kh As]
Gabrielfs13: checks 
Mir0nchik: bets 249
Gabrielfs13: raises 471 to 720
Mir0nchik: calls 471
*** TURN *** [2s Kh As] [5h]
Gabrielfs13: bets 1122
Mir0nchik: calls 1122
*** RIVER *** [2s Kh As 5h] [7d]
Gabrielfs13: bets 2855 and is all-in
Mir0nchik: folds 
Uncalled bet (2855) returned to Gabrielfs13
Gabrielfs13 collected 4488 from pot
Gabrielfs13: doesn't show hand 
*** SUMMARY ***
Total pot 4488 | Rake 0 
Board [2s Kh As 5h 7d]
Seat 1: -Gallesz89- folded before Flop (didn't bet)
Seat 2: turco1152 folded before Flop (didn't bet)
Seat 3: Mir0nchik (button) folded on the River
Seat 4: Coomoo98 (small blind) folded before Flop
Seat 5: ShonkyTonk (big blind) folded before Flop
Seat 6: wakaemdown folded before Flop (didn't bet)
Seat 7: Gabrielfs13 collected (4488)
Seat 8: Loafty folded before Flop (didn't bet)



PokerStars Hand #257263715460: Tournament #3914634373, $4.90+$4.90+$1.20 USD Hold'em No Limit - Level VII (60/120) - 2025/08/08 14:27:56 BRT [2025/08/08 13:27:56 ET]
Table '3914634373 28' 8-max Seat #4 is the button
Seat 1: -Gallesz89- (5915 in chips) 
Seat 2: turco1152 (5961 in chips) 
Seat 3: Mir0nchik (2109 in chips) 
Seat 4: Coomoo98 (2931 in chips) 
Seat 5: ShonkyTonk (7412 in chips) 
Seat 6: wakaemdown (3444 in chips) is sitting out
Seat 7: Gabrielfs13 (7343 in chips) 
Seat 8: Loafty (4721 in chips) 
-Gallesz89-: posts the ante 18
turco1152: posts the ante 18
Mir0nchik: posts the ante 18
Coomoo98: posts the ante 18
ShonkyTonk: posts the ante 18
wakaemdown: posts the ante 18
Gabrielfs13: posts the ante 18
Loafty: posts the ante 18
ShonkyTonk: posts small blind 60
wakaemdown: posts big blind 120
*** HOLE CARDS ***
Dealt to Gabrielfs13 [Qc 3c]
Gabrielfs13: folds 
wakaemdown is disconnected 
wakaemdown has returned
Loafty: folds 
-Gallesz89-: folds 
turco1152: raises 120 to 240
Mir0nchik: folds 
Coomoo98: folds 
ShonkyTonk: folds 
wakaemdown has timed out
wakaemdown: folds 
wakaemdown is sitting out
Uncalled bet (120) returned to turco1152
turco1152 collected 444 from pot
*** SUMMARY ***
Total pot 444 | Rake 0 
Seat 1: -Gallesz89- folded before Flop (didn't bet)
Seat 2: turco1152 collected (444)
Seat 3: Mir0nchik folded before Flop (didn't bet)
Seat 4: Coomoo98 (button) folded before Flop (didn't bet)
Seat 5: ShonkyTonk (small blind) folded before Flop
Seat 6: wakaemdown (big blind) folded before Flop
Seat 7: Gabrielfs13 folded before Flop (didn't bet)
Seat 8: Loafty folded before Flop (didn't bet)



PokerStars Hand #257263725408: Tournament #3914634373, $4.90+$4.90+$1.20 USD Hold'em No Limit - Level VII (60/120) - 2025/08/08 14:28:48 BRT [2025/08/08 13:28:48 ET]
Table '3914634373 28' 8-max Seat #5 is the button
Seat 1: -Gallesz89- (5897 in chips) 
Seat 2: turco1152 (6267 in chips) 
Seat 3: Mir0nchik (2091 in chips) 
Seat 4: Coomoo98 (2913 in chips) 
Seat 5: ShonkyTonk (7334 in chips) 
Seat 6: wakaemdown (3306 in chips) is sitting out
Seat 7: Gabrielfs13 (7325 in chips) 
Seat 8: Loafty (4703 in chips) 
-Gallesz89-: posts the ante 18
turco1152: posts the ante 18
Mir0nchik: posts the ante 18
Coomoo98: posts the ante 18
ShonkyTonk: posts the ante 18
wakaemdown: posts the ante 18
Gabrielfs13: posts the ante 18
Loafty: posts the ante 18
wakaemdown: posts small blind 60
Gabrielfs13: posts big blind 120
*** HOLE CARDS ***
Dealt to Gabrielfs13 [As Th]
Loafty: raises 240 to 360
wakaemdown is disconnected 
-Gallesz89-: folds 
turco1152: folds 
Mir0nchik: folds 
Coomoo98: folds 
ShonkyTonk: folds 
wakaemdown: folds 
Gabrielfs13: calls 240
*** FLOP *** [Jc Ad 2h]
Gabrielfs13: checks 
Loafty: bets 480
Gabrielfs13: calls 480
*** TURN *** [Jc Ad 2h] [5s]
Gabrielfs13: checks 
Loafty: checks 
*** RIVER *** [Jc Ad 2h 5s] [Kh]
Gabrielfs13: checks 
Loafty: checks 
*** SHOW DOWN ***
Gabrielfs13: shows [As Th] (a pair of Aces)
Loafty: mucks hand 
Gabrielfs13 collected 1884 from pot
*** SUMMARY ***
Total pot 1884 | Rake 0 
Board [Jc Ad 2h 5s Kh]
Seat 1: -Gallesz89- folded before Flop (didn't bet)
Seat 2: turco1152 folded before Flop (didn't bet)
Seat 3: Mir0nchik folded before Flop (didn't bet)
Seat 4: Coomoo98 folded before Flop (didn't bet)
Seat 5: ShonkyTonk (button) folded before Flop (didn't bet)
Seat 6: wakaemdown (small blind) folded before Flop
Seat 7: Gabrielfs13 (big blind) showed [As Th] and won (1884) with a pair of Aces
Seat 8: Loafty mucked [Js Tc]



PokerStars Hand #257263734965: Tournament #3914634373, $4.90+$4.90+$1.20 USD Hold'em No Limit - Level VII (60/120) - 2025/08/08 14:29:38 BRT [2025/08/08 13:29:38 ET]
Table '3914634373 28' 8-max Seat #6 is the button
Seat 1: -Gallesz89- (5879 in chips) 
Seat 2: turco1152 (6249 in chips) 
Seat 3: Mir0nchik (2073 in chips) 
Seat 4: Coomoo98 (2895 in chips) 
Seat 5: ShonkyTonk (7316 in chips) 
Seat 6: wakaemdown (3228 in chips) is sitting out
Seat 7: Gabrielfs13 (8351 in chips) 
Seat 8: Loafty (3845 in chips) 
-Gallesz89-: posts the ante 18
turco1152: posts the ante 18
Mir0nchik: posts the ante 18
Coomoo98: posts the ante 18
ShonkyTonk: posts the ante 18
wakaemdown: posts the ante 18
Gabrielfs13: posts the ante 18
Loafty: posts the ante 18
Gabrielfs13: posts small blind 60
Loafty: posts big blind 120
*** HOLE CARDS ***
Dealt to Gabrielfs13 [6h 2d]
-Gallesz89-: raises 135 to 255
turco1152: folds 
Mir0nchik: folds 
Coomoo98: folds 
ShonkyTonk: folds 
wakaemdown: folds 
Gabrielfs13: folds 
Loafty: calls 135
*** FLOP *** [3s Jc 6c]
Loafty: checks 
-Gallesz89-: bets 255
Loafty: calls 255
*** TURN *** [3s Jc 6c] [Ac]
Loafty: checks 
-Gallesz89-: bets 600
Loafty: calls 600
*** RIVER *** [3s Jc 6c Ac] [Ks]
Loafty: checks 
-Gallesz89-: checks 
*** SHOW DOWN ***
Loafty: shows [5d 7d] (high card Ace)
-Gallesz89-: shows [Kd Qc] (a pair of Kings)
-Gallesz89- collected 2424 from pot
*** SUMMARY ***
Total pot 2424 | Rake 0 
Board [3s Jc 6c Ac Ks]
Seat 1: -Gallesz89- showed [Kd Qc] and won (2424) with a pair of Kings
Seat 2: turco1152 folded before Flop (didn't bet)
Seat 3: Mir0nchik folded before Flop (didn't bet)
Seat 4: Coomoo98 folded before Flop (didn't bet)
Seat 5: ShonkyTonk folded before Flop (didn't bet)
Seat 6: wakaemdown (button) folded before Flop (didn't bet)
Seat 7: Gabrielfs13 (small blind) folded before Flop
Seat 8: Loafty (big blind) showed [5d 7d] and lost with high card Ace



PokerStars Hand #257263743527: Tournament #3914634373, $4.90+$4.90+$1.20 USD Hold'em No Limit - Level VII (60/120) - 2025/08/08 14:30:21 BRT [2025/08/08 13:30:21 ET]
Table '3914634373 28' 8-max Seat #7 is the button
Seat 1: -Gallesz89- (7175 in chips) 
Seat 2: turco1152 (6231 in chips) 
Seat 3: Mir0nchik (2055 in chips) 
Seat 4: Coomoo98 (2877 in chips) 
Seat 5: ShonkyTonk (7298 in chips) 
Seat 6: wakaemdown (3210 in chips) is sitting out
Seat 7: Gabrielfs13 (8273 in chips) 
Seat 8: Loafty (2717 in chips) 
-Gallesz89-: posts the ante 18
turco1152: posts the ante 18
Mir0nchik: posts the ante 18
Coomoo98: posts the ante 18
ShonkyTonk: posts the ante 18
wakaemdown: posts the ante 18
Gabrielfs13: posts the ante 18
Loafty: posts the ante 18
Loafty: posts small blind 60
-Gallesz89-: posts big blind 120
*** HOLE CARDS ***
Dealt to Gabrielfs13 [8s Ac]
turco1152: folds 
Mir0nchik: folds 
Coomoo98: folds 
ShonkyTonk: folds 
wakaemdown: folds 
Gabrielfs13: raises 120 to 240
Loafty: folds 
-Gallesz89-: calls 120
*** FLOP *** [2h Ah 4c]
-Gallesz89-: checks 
Gabrielfs13: bets 180
-Gallesz89-: raises 522 to 702
Gabrielfs13: calls 522
*** TURN *** [2h Ah 4c] [Qd]
-Gallesz89-: bets 1044
Gabrielfs13: calls 1044
*** RIVER *** [2h Ah 4c Qd] [Td]
-Gallesz89-: bets 2088
Gabrielfs13: calls 2088
*** SHOW DOWN ***
-Gallesz89-: shows [Ad 2c] (two pair, Aces and Deuces)
Gabrielfs13: mucks hand 
-Gallesz89- collected 8352 from pot
*** SUMMARY ***
Total pot 8352 | Rake 0 
Board [2h Ah 4c Qd Td]
Seat 1: -Gallesz89- (big blind) showed [Ad 2c] and won (8352) with two pair, Aces and Deuces
Seat 2: turco1152 folded before Flop (didn't bet)
Seat 3: Mir0nchik folded before Flop (didn't bet)
Seat 4: Coomoo98 folded before Flop (didn't bet)
Seat 5: ShonkyTonk folded before Flop (didn't bet)
Seat 6: wakaemdown folded before Flop (didn't bet)
Seat 7: Gabrielfs13 (button) mucked [8s Ac]
Seat 8: Loafty (small blind) folded before Flop



PokerStars Hand #257263755291: Tournament #3914634373, $4.90+$4.90+$1.20 USD Hold'em No Limit - Level VII (60/120) - 2025/08/08 14:31:21 BRT [2025/08/08 13:31:21 ET]
Table '3914634373 28' 8-max Seat #8 is the button
Seat 1: -Gallesz89- (11435 in chips) 
Seat 2: turco1152 (6213 in chips) 
Seat 3: Mir0nchik (2037 in chips) 
Seat 4: Coomoo98 (2859 in chips) 
Seat 5: ShonkyTonk (7280 in chips) 
Seat 6: wakaemdown (3192 in chips) is sitting out
Seat 7: Gabrielfs13 (4181 in chips) 
Seat 8: Loafty (2639 in chips) 
-Gallesz89-: posts the ante 18
turco1152: posts the ante 18
Mir0nchik: posts the ante 18
Coomoo98: posts the ante 18
ShonkyTonk: posts the ante 18
wakaemdown: posts the ante 18
Gabrielfs13: posts the ante 18
Loafty: posts the ante 18
-Gallesz89-: posts small blind 60
turco1152: posts big blind 120
*** HOLE CARDS ***
Dealt to Gabrielfs13 [Tc 4h]
Mir0nchik: folds 
Coomoo98: folds 
ShonkyTonk: raises 120 to 240
wakaemdown: folds 
Gabrielfs13: folds 
Loafty: folds 
-Gallesz89-: folds 
turco1152: calls 120
*** FLOP *** [As 7s Qs]
turco1152: checks 
ShonkyTonk: bets 342
wakaemdown is disconnected 
wakaemdown has returned
turco1152: folds 
Uncalled bet (342) returned to ShonkyTonk
ShonkyTonk collected 684 from pot
*** SUMMARY ***
Total pot 684 | Rake 0 
Board [As 7s Qs]
Seat 1: -Gallesz89- (small blind) folded before Flop
Seat 2: turco1152 (big blind) folded on the Flop
Seat 3: Mir0nchik folded before Flop (didn't bet)
Seat 4: Coomoo98 folded before Flop (didn't bet)
Seat 5: ShonkyTonk collected (684)
Seat 6: wakaemdown folded before Flop (didn't bet)
Seat 7: Gabrielfs13 folded before Flop (didn't bet)
Seat 8: Loafty (button) folded before Flop (didn't bet)



PokerStars Hand #257263771344: Tournament #3914634373, $4.90+$4.90+$1.20 USD Hold'em No Limit - Level VII (60/120) - 2025/08/08 14:32:41 BRT [2025/08/08 13:32:41 ET]
Table '3914634373 28' 8-max Seat #1 is the button
Seat 1: -Gallesz89- (11357 in chips) 
Seat 2: turco1152 (5955 in chips) 
Seat 3: Mir0nchik (2019 in chips) 
Seat 4: Coomoo98 (2841 in chips) 
Seat 5: ShonkyTonk (7706 in chips) 
Seat 6: wakaemdown (3174 in chips) 
Seat 7: Gabrielfs13 (4163 in chips) 
Seat 8: Loafty (2621 in chips) 
-Gallesz89-: posts the ante 18
turco1152: posts the ante 18
Mir0nchik: posts the ante 18
Coomoo98: posts the ante 18
ShonkyTonk: posts the ante 18
wakaemdown: posts the ante 18
Gabrielfs13: posts the ante 18
Loafty: posts the ante 18
turco1152: posts small blind 60
Mir0nchik: posts big blind 120
*** HOLE CARDS ***
Dealt to Gabrielfs13 [7s 8s]
Coomoo98: folds 
ShonkyTonk: folds 
wakaemdown: raises 120 to 240
Gabrielfs13: calls 240
Loafty: folds 
-Gallesz89-: folds 
turco1152: calls 180
Mir0nchik: calls 120
*** FLOP *** [Ts 7c 9s]
turco1152: checks 
Mir0nchik: checks 
wakaemdown: bets 360
Gabrielfs13: raises 600 to 960
turco1152: calls 960
Mir0nchik: folds 
wakaemdown: calls 600
*** TURN *** [Ts 7c 9s] [2s]
turco1152: checks 
wakaemdown: bets 1956 and is all-in
Gabrielfs13: raises 989 to 2945 and is all-in
turco1152: folds 
Uncalled bet (989) returned to Gabrielfs13
*** RIVER *** [Ts 7c 9s 2s] [As]
*** SHOW DOWN ***
wakaemdown: shows [6h Ah] (a pair of Aces)
Gabrielfs13: shows [7s 8s] (a flush, Ace high)
Gabrielfs13 collected 7896 from pot
wakaemdown finished the tournament
*** SUMMARY ***
Total pot 7896 | Rake 0 
Board [Ts 7c 9s 2s As]
Seat 1: -Gallesz89- (button) folded before Flop (didn't bet)
Seat 2: turco1152 (small blind) folded on the Turn
Seat 3: Mir0nchik (big blind) folded on the Flop
Seat 4: Coomoo98 folded before Flop (didn't bet)
Seat 5: ShonkyTonk folded before Flop (didn't bet)
Seat 6: wakaemdown showed [6h Ah] and lost with a pair of Aces
Seat 7: Gabrielfs13 showed [7s 8s] and won (7896) with a flush, Ace high
Seat 8: Loafty folded before Flop (didn't bet)



PokerStars Hand #257263789517: Tournament #3914634373, $4.90+$4.90+$1.20 USD Hold'em No Limit - Level VIII (70/140) - 2025/08/08 14:34:13 BRT [2025/08/08 13:34:13 ET]
Table '3914634373 28' 8-max Seat #2 is the button
Seat 1: -Gallesz89- (11339 in chips) 
Seat 2: turco1152 (4737 in chips) 
Seat 3: Mir0nchik (1761 in chips) 
Seat 4: Coomoo98 (2823 in chips) 
Seat 5: ShonkyTonk (7688 in chips) 
Seat 7: Gabrielfs13 (8885 in chips) 
Seat 8: Loafty (2603 in chips) 
-Gallesz89-: posts the ante 21
turco1152: posts the ante 21
Mir0nchik: posts the ante 21
Coomoo98: posts the ante 21
ShonkyTonk: posts the ante 21
Gabrielfs13: posts the ante 21
Loafty: posts the ante 21
Mir0nchik: posts small blind 70
Coomoo98: posts big blind 140
*** HOLE CARDS ***
Dealt to Gabrielfs13 [3h 2h]
ShonkyTonk: folds 
Gabrielfs13: folds 
Loafty: folds 
-Gallesz89-: folds 
turco1152: folds 
Mir0nchik: folds 
Uncalled bet (70) returned to Coomoo98
Coomoo98 collected 287 from pot
Coomoo98: doesn't show hand 
*** SUMMARY ***
Total pot 287 | Rake 0 
Seat 1: -Gallesz89- folded before Flop (didn't bet)
Seat 2: turco1152 (button) folded before Flop (didn't bet)
Seat 3: Mir0nchik (small blind) folded before Flop
Seat 4: Coomoo98 (big blind) collected (287)
Seat 5: ShonkyTonk folded before Flop (didn't bet)
Seat 7: Gabrielfs13 folded before Flop (didn't bet)
Seat 8: Loafty folded before Flop (didn't bet)



PokerStars Hand #257263795150: Tournament #3914634373, $4.90+$4.90+$1.20 USD Hold'em No Limit - Level VIII (70/140) - 2025/08/08 14:34:41 BRT [2025/08/08 13:34:41 ET]
Table '3914634373 28' 8-max Seat #3 is the button
Seat 1: -Gallesz89- (11318 in chips) 
Seat 2: turco1152 (4716 in chips) 
Seat 3: Mir0nchik (1670 in chips) 
Seat 4: Coomoo98 (3019 in chips) 
Seat 5: ShonkyTonk (7667 in chips) 
Seat 6: dainius555 (5000 in chips) 
Seat 7: Gabrielfs13 (8864 in chips) 
Seat 8: Loafty (2582 in chips) 
-Gallesz89-: posts the ante 21
turco1152: posts the ante 21
Mir0nchik: posts the ante 21
Coomoo98: posts the ante 21
ShonkyTonk: posts the ante 21
dainius555: posts the ante 21
Gabrielfs13: posts the ante 21
Loafty: posts the ante 21
Coomoo98: posts small blind 70
ShonkyTonk: posts big blind 140
*** HOLE CARDS ***
Dealt to Gabrielfs13 [5d Ad]
dainius555: folds 
Gabrielfs13: raises 140 to 280
Loafty: calls 280
-Gallesz89-: calls 280
turco1152: folds 
Mir0nchik: raises 1369 to 1649 and is all-in
Coomoo98: raises 1349 to 2998 and is all-in
ShonkyTonk: folds 
Gabrielfs13: folds 
Loafty: calls 2281 and is all-in
-Gallesz89-: folds 
Uncalled bet (437) returned to Coomoo98
*** FLOP *** [8h 2s 7h]
*** TURN *** [8h 2s 7h] [6h]
*** RIVER *** [8h 2s 7h 6h] [7c]
*** SHOW DOWN ***
Coomoo98: shows [Th Tc] (two pair, Tens and Sevens)
Loafty: shows [Ah 9d] (a pair of Sevens)
Coomoo98 collected 1824 from side pot
Mir0nchik: shows [4d 4s] (two pair, Sevens and Fours)
Coomoo98 collected 5815 from main pot
Loafty finished the tournament
Mir0nchik finished the tournament
Gioiatpkmj is disconnected 
*** SUMMARY ***
Total pot 7639 Main pot 5815. Side pot 1824. | Rake 0 
Board [8h 2s 7h 6h 7c]
Seat 1: -Gallesz89- folded before Flop
Seat 2: turco1152 folded before Flop (didn't bet)
Seat 3: Mir0nchik (button) showed [4d 4s] and lost with two pair, Sevens and Fours
Seat 4: Coomoo98 (small blind) showed [Th Tc] and won (7639) with two pair, Tens and Sevens
Seat 5: ShonkyTonk (big blind) folded before Flop
Seat 6: dainius555 folded before Flop (didn't bet)
Seat 7: Gabrielfs13 folded before Flop
Seat 8: Loafty showed [Ah 9d] and lost with a pair of Sevens



PokerStars Hand #257263803792: Tournament #3914634373, $4.90+$4.90+$1.20 USD Hold'em No Limit - Level VIII (70/140) - 2025/08/08 14:35:24 BRT [2025/08/08 13:35:24 ET]
Table '3914634373 28' 8-max Seat #4 is the button
Seat 1: -Gallesz89- (11017 in chips) 
Seat 2: turco1152 (4695 in chips) 
Seat 3: Gioiatpkmj (11852 in chips) 
Seat 4: Coomoo98 (8076 in chips) 
Seat 5: ShonkyTonk (7506 in chips) 
Seat 6: dainius555 (4979 in chips) 
Seat 7: Gabrielfs13 (8563 in chips) 
-Gallesz89-: posts the ante 21
turco1152: posts the ante 21
Gioiatpkmj: posts the ante 21
Coomoo98: posts the ante 21
ShonkyTonk: posts the ante 21
dainius555: posts the ante 21
Gabrielfs13: posts the ante 21
ShonkyTonk: posts small blind 70
dainius555: posts big blind 140
*** HOLE CARDS ***
Dealt to Gabrielfs13 [Ac 2s]
Gabrielfs13: folds 
-Gallesz89-: folds 
turco1152: folds 
Gioiatpkmj: folds 
Coomoo98: raises 140 to 280
ShonkyTonk: folds 
dainius555: folds 
Uncalled bet (140) returned to Coomoo98
Coomoo98 collected 497 from pot
Coomoo98: doesn't show hand 
*** SUMMARY ***
Total pot 497 | Rake 0 
Seat 1: -Gallesz89- folded before Flop (didn't bet)
Seat 2: turco1152 folded before Flop (didn't bet)
Seat 3: Gioiatpkmj folded before Flop (didn't bet)
Seat 4: Coomoo98 (button) collected (497)
Seat 5: ShonkyTonk (small blind) folded before Flop
Seat 6: dainius555 (big blind) folded before Flop
Seat 7: Gabrielfs13 folded before Flop (didn't bet)



PokerStars Hand #257263807266: Tournament #3914634373, $4.90+$4.90+$1.20 USD Hold'em No Limit - Level VIII (70/140) - 2025/08/08 14:35:42 BRT [2025/08/08 13:35:42 ET]
Table '3914634373 28' 8-max Seat #5 is the button
Seat 1: -Gallesz89- (10996 in chips) 
Seat 2: turco1152 (4674 in chips) 
Seat 3: Gioiatpkmj (11831 in chips) 
Seat 4: Coomoo98 (8412 in chips) 
Seat 5: ShonkyTonk (7415 in chips) 
Seat 6: dainius555 (4818 in chips) 
Seat 7: Gabrielfs13 (8542 in chips) 
Seat 8: Propeller7 (5000 in chips) 
-Gallesz89-: posts the ante 21
turco1152: posts the ante 21
Gioiatpkmj: posts the ante 21
Coomoo98: posts the ante 21
ShonkyTonk: posts the ante 21
dainius555: posts the ante 21
Gabrielfs13: posts the ante 21
Propeller7: posts the ante 21
dainius555: posts small blind 70
Gabrielfs13: posts big blind 140
*** HOLE CARDS ***
Dealt to Gabrielfs13 [8s Kd]
Propeller7: calls 140
-Gallesz89-: folds 
turco1152: folds 
Gioiatpkmj: folds 
Coomoo98: folds 
ShonkyTonk: folds 
dainius555: raises 4657 to 4797 and is all-in
Gabrielfs13: folds 
Propeller7: folds 
Uncalled bet (4657) returned to dainius555
dainius555 collected 588 from pot
*** SUMMARY ***
Total pot 588 | Rake 0 
Seat 1: -Gallesz89- folded before Flop (didn't bet)
Seat 2: turco1152 folded before Flop (didn't bet)
Seat 3: Gioiatpkmj folded before Flop (didn't bet)
Seat 4: Coomoo98 folded before Flop (didn't bet)
Seat 5: ShonkyTonk (button) folded before Flop (didn't bet)
Seat 6: dainius555 (small blind) collected (588)
Seat 7: Gabrielfs13 (big blind) folded before Flop
Seat 8: Propeller7 folded before Flop



PokerStars Hand #257263813752: Tournament #3914634373, $4.90+$4.90+$1.20 USD Hold'em No Limit - Level VIII (70/140) - 2025/08/08 14:36:14 BRT [2025/08/08 13:36:14 ET]
Table '3914634373 28' 8-max Seat #6 is the button
Seat 1: -Gallesz89- (10975 in chips) 
Seat 2: turco1152 (4653 in chips) 
Seat 3: Gioiatpkmj (11810 in chips) 
Seat 4: Coomoo98 (8391 in chips) 
Seat 5: ShonkyTonk (7394 in chips) 
Seat 6: dainius555 (5245 in chips) 
Seat 7: Gabrielfs13 (8381 in chips) 
Seat 8: Propeller7 (4839 in chips) 
-Gallesz89-: posts the ante 21
turco1152: posts the ante 21
Gioiatpkmj: posts the ante 21
Coomoo98: posts the ante 21
ShonkyTonk: posts the ante 21
dainius555: posts the ante 21
Gabrielfs13: posts the ante 21
Propeller7: posts the ante 21
Gabrielfs13: posts small blind 70
Propeller7: posts big blind 140
*** HOLE CARDS ***
Dealt to Gabrielfs13 [Ac 2h]
-Gallesz89-: folds 
turco1152: folds 
Gioiatpkmj: folds 
Coomoo98: folds 
ShonkyTonk: raises 140 to 280
dainius555: folds 
Gabrielfs13: folds 
Propeller7: calls 140
*** FLOP *** [As 5h Qs]
Propeller7: checks 
ShonkyTonk: bets 399
Propeller7: folds 
Uncalled bet (399) returned to ShonkyTonk
ShonkyTonk collected 798 from pot
*** SUMMARY ***
Total pot 798 | Rake 0 
Board [As 5h Qs]
Seat 1: -Gallesz89- folded before Flop (didn't bet)
Seat 2: turco1152 folded before Flop (didn't bet)
Seat 3: Gioiatpkmj folded before Flop (didn't bet)
Seat 4: Coomoo98 folded before Flop (didn't bet)
Seat 5: ShonkyTonk collected (798)
Seat 6: dainius555 (button) folded before Flop (didn't bet)
Seat 7: Gabrielfs13 (small blind) folded before Flop
Seat 8: Propeller7 (big blind) folded on the Flop



PokerStars Hand #257263825046: Tournament #3914634373, $4.90+$4.90+$1.20 USD Hold'em No Limit - Level VIII (70/140) - 2025/08/08 14:37:12 BRT [2025/08/08 13:37:12 ET]
Table '3914634373 28' 8-max Seat #7 is the button
Seat 1: -Gallesz89- (10954 in chips) 
Seat 2: turco1152 (4632 in chips) 
Seat 3: Gioiatpkmj (11789 in chips) 
Seat 4: Coomoo98 (8370 in chips) 
Seat 5: ShonkyTonk (7891 in chips) 
Seat 6: dainius555 (5224 in chips) 
Seat 7: Gabrielfs13 (8290 in chips) 
Seat 8: Propeller7 (4538 in chips) 
-Gallesz89-: posts the ante 21
turco1152: posts the ante 21
Gioiatpkmj: posts the ante 21
Coomoo98: posts the ante 21
ShonkyTonk: posts the ante 21
dainius555: posts the ante 21
Gabrielfs13: posts the ante 21
Propeller7: posts the ante 21
Propeller7: posts small blind 70
-Gallesz89-: posts big blind 140
*** HOLE CARDS ***
Dealt to Gabrielfs13 [6c 3h]
turco1152: folds 
Gioiatpkmj: folds 
Coomoo98: raises 140 to 280
ShonkyTonk: calls 280
dainius555: folds 
Gabrielfs13: folds 
Propeller7: calls 210
-Gallesz89-: folds 
*** FLOP *** [Kd Qc Js]
Propeller7: bets 574
Coomoo98: raises 1246 to 1820
ShonkyTonk: folds 
Propeller7: calls 1246
*** TURN *** [Kd Qc Js] [Jd]
Propeller7: checks 
Coomoo98: bets 6249 and is all-in
Propeller7: calls 2417 and is all-in
Uncalled bet (3832) returned to Coomoo98
*** RIVER *** [Kd Qc Js Jd] [Kc]
*** SHOW DOWN ***
Propeller7: shows [Jc 2s] (a full house, Jacks full of Kings)
Coomoo98: shows [Kh Qs] (a full house, Kings full of Queens)
Coomoo98 collected 9622 from pot
Propeller7 finished the tournament
*** SUMMARY ***
Total pot 9622 | Rake 0 
Board [Kd Qc Js Jd Kc]
Seat 1: -Gallesz89- (big blind) folded before Flop
Seat 2: turco1152 folded before Flop (didn't bet)
Seat 3: Gioiatpkmj folded before Flop (didn't bet)
Seat 4: Coomoo98 showed [Kh Qs] and won (9622) with a full house, Kings full of Queens
Seat 5: ShonkyTonk folded on the Flop
Seat 6: dainius555 folded before Flop (didn't bet)
Seat 7: Gabrielfs13 (button) folded before Flop (didn't bet)
Seat 8: Propeller7 (small blind) showed [Jc 2s] and lost with a full house, Jacks full of Kings



PokerStars Hand #257263836079: Tournament #3914634373, $4.90+$4.90+$1.20 USD Hold'em No Limit - Level VIII (70/140) - 2025/08/08 14:38:08 BRT [2025/08/08 13:38:08 ET]
Table '3914634373 28' 8-max Seat #1 is the button
Seat 1: -Gallesz89- (10793 in chips) 
Seat 2: turco1152 (4611 in chips) 
Seat 3: Gioiatpkmj (11768 in chips) 
Seat 4: Coomoo98 (13454 in chips) 
Seat 5: ShonkyTonk (7590 in chips) 
Seat 6: dainius555 (5203 in chips) 
Seat 7: Gabrielfs13 (8269 in chips) 
-Gallesz89-: posts the ante 21
turco1152: posts the ante 21
Gioiatpkmj: posts the ante 21
Coomoo98: posts the ante 21
ShonkyTonk: posts the ante 21
dainius555: posts the ante 21
Gabrielfs13: posts the ante 21
turco1152: posts small blind 70
Gioiatpkmj: posts big blind 140
*** HOLE CARDS ***
Dealt to Gabrielfs13 [7c 8h]
Coomoo98: folds 
ShonkyTonk: folds 
dainius555: folds 
Gabrielfs13: folds 
-Gallesz89-: folds 
turco1152: folds 
Uncalled bet (70) returned to Gioiatpkmj
Gioiatpkmj collected 287 from pot
Gioiatpkmj: doesn't show hand 
*** SUMMARY ***
Total pot 287 | Rake 0 
Seat 1: -Gallesz89- (button) folded before Flop (didn't bet)
Seat 2: turco1152 (small blind) folded before Flop
Seat 3: Gioiatpkmj (big blind) collected (287)
Seat 4: Coomoo98 folded before Flop (didn't bet)
Seat 5: ShonkyTonk folded before Flop (didn't bet)
Seat 6: dainius555 folded before Flop (didn't bet)
Seat 7: Gabrielfs13 folded before Flop (didn't bet)



PokerStars Hand #257263840435: Tournament #3914634373, $4.90+$4.90+$1.20 USD Hold'em No Limit - Level VIII (70/140) - 2025/08/08 14:38:29 BRT [2025/08/08 13:38:29 ET]
Table '3914634373 28' 8-max Seat #2 is the button
Seat 1: -Gallesz89- (10772 in chips) 
Seat 2: turco1152 (4520 in chips) 
Seat 3: Gioiatpkmj (11964 in chips) 
Seat 4: Coomoo98 (13433 in chips) 
Seat 5: ShonkyTonk (7569 in chips) 
Seat 6: dainius555 (5182 in chips) 
Seat 7: Gabrielfs13 (8248 in chips) 
Seat 8: 1olaf5 (5000 in chips) 
-Gallesz89-: posts the ante 21
turco1152: posts the ante 21
Gioiatpkmj: posts the ante 21
Coomoo98: posts the ante 21
ShonkyTonk: posts the ante 21
dainius555: posts the ante 21
Gabrielfs13: posts the ante 21
1olaf5: posts the ante 21
Gioiatpkmj: posts small blind 70
Coomoo98: posts big blind 140
*** HOLE CARDS ***
Dealt to Gabrielfs13 [Tc 8c]
ShonkyTonk: folds 
dainius555: folds 
Gabrielfs13: raises 140 to 280
1olaf5: folds 
-Gallesz89-: folds 
turco1152: calls 280
Gioiatpkmj: folds 
Coomoo98: calls 140
*** FLOP *** [Ts 8s Ah]
Coomoo98: checks 
Gabrielfs13: bets 539
turco1152: folds 
Coomoo98: folds 
Uncalled bet (539) returned to Gabrielfs13
Gabrielfs13 collected 1078 from pot
Gabrielfs13: doesn't show hand 
*** SUMMARY ***
Total pot 1078 | Rake 0 
Board [Ts 8s Ah]
Seat 1: -Gallesz89- folded before Flop (didn't bet)
Seat 2: turco1152 (button) folded on the Flop
Seat 3: Gioiatpkmj (small blind) folded before Flop
Seat 4: Coomoo98 (big blind) folded on the Flop
Seat 5: ShonkyTonk folded before Flop (didn't bet)
Seat 6: dainius555 folded before Flop (didn't bet)
Seat 7: Gabrielfs13 collected (1078)
Seat 8: 1olaf5 folded before Flop (didn't bet)



PokerStars Hand #257263851065: Tournament #3914634373, $4.90+$4.90+$1.20 USD Hold'em No Limit - Level VIII (70/140) - 2025/08/08 14:39:23 BRT [2025/08/08 13:39:23 ET]
Table '3914634373 28' 8-max Seat #3 is the button
Seat 1: -Gallesz89- (10751 in chips) 
Seat 2: turco1152 (4219 in chips) 
Seat 3: Gioiatpkmj (11873 in chips) 
Seat 4: Coomoo98 (13132 in chips) 
Seat 5: ShonkyTonk (7548 in chips) 
Seat 6: dainius555 (5161 in chips) 
Seat 7: Gabrielfs13 (9025 in chips) 
Seat 8: 1olaf5 (4979 in chips) 
-Gallesz89-: posts the ante 21
turco1152: posts the ante 21
Gioiatpkmj: posts the ante 21
Coomoo98: posts the ante 21
ShonkyTonk: posts the ante 21
dainius555: posts the ante 21
Gabrielfs13: posts the ante 21
1olaf5: posts the ante 21
Coomoo98: posts small blind 70
ShonkyTonk: posts big blind 140
*** HOLE CARDS ***
Dealt to Gabrielfs13 [9h Kc]
dainius555: folds 
Gabrielfs13: folds 
1olaf5: folds 
-Gallesz89-: raises 158 to 298
turco1152: folds 
Gioiatpkmj: folds 
Coomoo98: folds 
ShonkyTonk: calls 158
*** FLOP *** [8h Ks 3c]
ShonkyTonk: checks 
-Gallesz89-: checks 
*** TURN *** [8h Ks 3c] [Jc]
ShonkyTonk: checks 
-Gallesz89-: checks 
*** RIVER *** [8h Ks 3c Jc] [3s]
ShonkyTonk: checks 
-Gallesz89-: checks 
*** SHOW DOWN ***
ShonkyTonk: shows [6d 8c] (two pair, Eights and Threes)
-Gallesz89-: shows [Ts Js] (two pair, Jacks and Threes)
-Gallesz89- collected 834 from pot
*** SUMMARY ***
Total pot 834 | Rake 0 
Board [8h Ks 3c Jc 3s]
Seat 1: -Gallesz89- showed [Ts Js] and won (834) with two pair, Jacks and Threes
Seat 2: turco1152 folded before Flop (didn't bet)
Seat 3: Gioiatpkmj (button) folded before Flop (didn't bet)
Seat 4: Coomoo98 (small blind) folded before Flop
Seat 5: ShonkyTonk (big blind) showed [6d 8c] and lost with two pair, Eights and Threes
Seat 6: dainius555 folded before Flop (didn't bet)
Seat 7: Gabrielfs13 folded before Flop (didn't bet)
Seat 8: 1olaf5 folded before Flop (didn't bet)



PokerStars Hand #257263858623: Tournament #3914634373, $4.90+$4.90+$1.20 USD Hold'em No Limit - Level VIII (70/140) - 2025/08/08 14:40:01 BRT [2025/08/08 13:40:01 ET]
Table '3914634373 28' 8-max Seat #4 is the button
Seat 1: -Gallesz89- (11266 in chips) 
Seat 2: turco1152 (4198 in chips) 
Seat 3: Gioiatpkmj (11852 in chips) 
Seat 4: Coomoo98 (13041 in chips) 
Seat 5: ShonkyTonk (7229 in chips) 
Seat 6: dainius555 (5140 in chips) 
Seat 7: Gabrielfs13 (9004 in chips) 
Seat 8: 1olaf5 (4958 in chips) 
-Gallesz89-: posts the ante 21
turco1152: posts the ante 21
Gioiatpkmj: posts the ante 21
Coomoo98: posts the ante 21
ShonkyTonk: posts the ante 21
dainius555: posts the ante 21
Gabrielfs13: posts the ante 21
1olaf5: posts the ante 21
ShonkyTonk: posts small blind 70
dainius555: posts big blind 140
*** HOLE CARDS ***
Dealt to Gabrielfs13 [Jd 5c]
Gabrielfs13: folds 
1olaf5: folds 
-Gallesz89-: folds 
turco1152: folds 
Gioiatpkmj: folds 
Coomoo98: folds 
ShonkyTonk: folds 
Uncalled bet (70) returned to dainius555
dainius555 collected 308 from pot
*** SUMMARY ***
Total pot 308 | Rake 0 
Seat 1: -Gallesz89- folded before Flop (didn't bet)
Seat 2: turco1152 folded before Flop (didn't bet)
Seat 3: Gioiatpkmj folded before Flop (didn't bet)
Seat 4: Coomoo98 (button) folded before Flop (didn't bet)
Seat 5: ShonkyTonk (small blind) folded before Flop
Seat 6: dainius555 (big blind) collected (308)
Seat 7: Gabrielfs13 folded before Flop (didn't bet)
Seat 8: 1olaf5 folded before Flop (didn't bet)



PokerStars Hand #257263861908: Tournament #3914634373, $4.90+$4.90+$1.20 USD Hold'em No Limit - Level VIII (70/140) - 2025/08/08 14:40:18 BRT [2025/08/08 13:40:18 ET]
Table '3914634373 28' 8-max Seat #5 is the button
Seat 1: -Gallesz89- (11245 in chips) 
Seat 2: turco1152 (4177 in chips) 
Seat 3: Gioiatpkmj (11831 in chips) 
Seat 4: Coomoo98 (13020 in chips) 
Seat 5: ShonkyTonk (7138 in chips) 
Seat 6: dainius555 (5357 in chips) 
Seat 7: Gabrielfs13 (8983 in chips) 
Seat 8: 1olaf5 (4937 in chips) 
-Gallesz89-: posts the ante 21
turco1152: posts the ante 21
Gioiatpkmj: posts the ante 21
Coomoo98: posts the ante 21
ShonkyTonk: posts the ante 21
dainius555: posts the ante 21
Gabrielfs13: posts the ante 21
1olaf5: posts the ante 21
dainius555: posts small blind 70
Gabrielfs13: posts big blind 140
*** HOLE CARDS ***
Dealt to Gabrielfs13 [8s Kd]
1olaf5: folds 
-Gallesz89-: folds 
turco1152: folds 
Gioiatpkmj: folds 
Coomoo98: folds 
ShonkyTonk: folds 
dainius555: raises 140 to 280
Gabrielfs13: calls 140
*** FLOP *** [6s 8c Kh]
dainius555: bets 364
Gabrielfs13: raises 686 to 1050
dainius555: folds 
Uncalled bet (686) returned to Gabrielfs13
Gabrielfs13 collected 1456 from pot
Gabrielfs13: doesn't show hand 
*** SUMMARY ***
Total pot 1456 | Rake 0 
Board [6s 8c Kh]
Seat 1: -Gallesz89- folded before Flop (didn't bet)
Seat 2: turco1152 folded before Flop (didn't bet)
Seat 3: Gioiatpkmj folded before Flop (didn't bet)
Seat 4: Coomoo98 folded before Flop (didn't bet)
Seat 5: ShonkyTonk (button) folded before Flop (didn't bet)
Seat 6: dainius555 (small blind) folded on the Flop
Seat 7: Gabrielfs13 (big blind) collected (1456)
Seat 8: 1olaf5 folded before Flop (didn't bet)



PokerStars Hand #257263871642: Tournament #3914634373, $4.90+$4.90+$1.20 USD Hold'em No Limit - Level VIII (70/140) - 2025/08/08 14:41:06 BRT [2025/08/08 13:41:06 ET]
Table '3914634373 28' 8-max Seat #6 is the button
Seat 1: -Gallesz89- (11224 in chips) 
Seat 2: turco1152 (4156 in chips) 
Seat 3: Gioiatpkmj (11810 in chips) 
Seat 4: Coomoo98 (12999 in chips) 
Seat 6: dainius555 (4692 in chips) 
Seat 7: Gabrielfs13 (9774 in chips) 
Seat 8: 1olaf5 (4916 in chips) 
-Gallesz89-: posts the ante 21
turco1152: posts the ante 21
Gioiatpkmj: posts the ante 21
Coomoo98: posts the ante 21
dainius555: posts the ante 21
Gabrielfs13: posts the ante 21
1olaf5: posts the ante 21
Gabrielfs13: posts small blind 70
1olaf5: posts big blind 140
*** HOLE CARDS ***
Dealt to Gabrielfs13 [Td 2h]
-Gallesz89-: folds 
turco1152: folds 
Gioiatpkmj: raises 140 to 280
FiesteroAA is disconnected 
Coomoo98: raises 560 to 840
dainius555: folds 
Gabrielfs13: folds 
1olaf5: folds 
Gioiatpkmj: folds 
Uncalled bet (560) returned to Coomoo98
Coomoo98 collected 917 from pot
Coomoo98: doesn't show hand 
*** SUMMARY ***
Total pot 917 | Rake 0 
Seat 1: -Gallesz89- folded before Flop (didn't bet)
Seat 2: turco1152 folded before Flop (didn't bet)
Seat 3: Gioiatpkmj folded before Flop
Seat 4: Coomoo98 collected (917)
Seat 6: dainius555 (button) folded before Flop (didn't bet)
Seat 7: Gabrielfs13 (small blind) folded before Flop
Seat 8: 1olaf5 (big blind) folded before Flop



PokerStars Hand #257263880984: Tournament #3914634373, $4.90+$4.90+$1.20 USD Hold'em No Limit - Level IX (80/160) - 2025/08/08 14:41:54 BRT [2025/08/08 13:41:54 ET]
Table '3914634373 28' 8-max Seat #7 is the button
Seat 1: -Gallesz89- (11203 in chips) 
Seat 2: turco1152 (4135 in chips) 
Seat 3: Gioiatpkmj (11509 in chips) 
Seat 4: Coomoo98 (13615 in chips) 
Seat 5: FiesteroAA (6190 in chips) 
Seat 6: dainius555 (4671 in chips) 
Seat 7: Gabrielfs13 (9683 in chips) 
Seat 8: 1olaf5 (4755 in chips) 
-Gallesz89-: posts the ante 24
turco1152: posts the ante 24
Gioiatpkmj: posts the ante 24
Coomoo98: posts the ante 24
FiesteroAA: posts the ante 24
dainius555: posts the ante 24
Gabrielfs13: posts the ante 24
1olaf5: posts the ante 24
1olaf5: posts small blind 80
-Gallesz89-: posts big blind 160
*** HOLE CARDS ***
Dealt to Gabrielfs13 [7d 9s]
turco1152: folds 
Gioiatpkmj: folds 
Coomoo98: folds 
FiesteroAA: folds 
dainius555: folds 
Gabrielfs13: raises 160 to 320
1olaf5: folds 
-Gallesz89-: calls 160
*** FLOP *** [8c Jh 5d]
-Gallesz89-: checks 
Gabrielfs13: bets 240
-Gallesz89-: folds 
Uncalled bet (240) returned to Gabrielfs13
Gabrielfs13 collected 912 from pot
Gabrielfs13: doesn't show hand 
*** SUMMARY ***
Total pot 912 | Rake 0 
Board [8c Jh 5d]
Seat 1: -Gallesz89- (big blind) folded on the Flop
Seat 2: turco1152 folded before Flop (didn't bet)
Seat 3: Gioiatpkmj folded before Flop (didn't bet)
Seat 4: Coomoo98 folded before Flop (didn't bet)
Seat 5: FiesteroAA folded before Flop (didn't bet)
Seat 6: dainius555 folded before Flop (didn't bet)
Seat 7: Gabrielfs13 (button) collected (912)
Seat 8: 1olaf5 (small blind) folded before Flop



PokerStars Hand #257263890205: Tournament #3914634373, $4.90+$4.90+$1.20 USD Hold'em No Limit - Level IX (80/160) - 2025/08/08 14:42:40 BRT [2025/08/08 13:42:40 ET]
Table '3914634373 28' 8-max Seat #8 is the button
Seat 1: -Gallesz89- (10859 in chips) 
Seat 2: turco1152 (4111 in chips) 
Seat 3: Gioiatpkmj (11485 in chips) 
Seat 4: Coomoo98 (13591 in chips) 
Seat 5: FiesteroAA (6166 in chips) 
Seat 6: dainius555 (4647 in chips) 
Seat 7: Gabrielfs13 (10251 in chips) 
Seat 8: 1olaf5 (4651 in chips) 
-Gallesz89-: posts the ante 24
turco1152: posts the ante 24
Gioiatpkmj: posts the ante 24
Coomoo98: posts the ante 24
FiesteroAA: posts the ante 24
dainius555: posts the ante 24
Gabrielfs13: posts the ante 24
1olaf5: posts the ante 24
-Gallesz89-: posts small blind 80
turco1152: posts big blind 160
*** HOLE CARDS ***
Dealt to Gabrielfs13 [8d 9c]
Gioiatpkmj: folds 
Coomoo98: folds 
FiesteroAA: folds 
dainius555: folds 
Gabrielfs13: folds 
1olaf5: folds 
-Gallesz89-: raises 240 to 400
turco1152: folds 
Uncalled bet (240) returned to -Gallesz89-
-Gallesz89- collected 512 from pot
-Gallesz89-: doesn't show hand 
*** SUMMARY ***
Total pot 512 | Rake 0 
Seat 1: -Gallesz89- (small blind) collected (512)
Seat 2: turco1152 (big blind) folded before Flop
Seat 3: Gioiatpkmj folded before Flop (didn't bet)
Seat 4: Coomoo98 folded before Flop (didn't bet)
Seat 5: FiesteroAA folded before Flop (didn't bet)
Seat 6: dainius555 folded before Flop (didn't bet)
Seat 7: Gabrielfs13 folded before Flop (didn't bet)
Seat 8: 1olaf5 (button) folded before Flop (didn't bet)



PokerStars Hand #257263895232: Tournament #3914634373, $4.90+$4.90+$1.20 USD Hold'em No Limit - Level IX (80/160) - 2025/08/08 14:43:05 BRT [2025/08/08 13:43:05 ET]
Table '3914634373 28' 8-max Seat #1 is the button
Seat 1: -Gallesz89- (11187 in chips) 
Seat 2: turco1152 (3927 in chips) 
Seat 3: Gioiatpkmj (11461 in chips) 
Seat 4: Coomoo98 (13567 in chips) 
Seat 5: FiesteroAA (6142 in chips) 
Seat 6: dainius555 (4623 in chips) 
Seat 7: Gabrielfs13 (10227 in chips) 
Seat 8: 1olaf5 (4627 in chips) 
-Gallesz89-: posts the ante 24
turco1152: posts the ante 24
Gioiatpkmj: posts the ante 24
Coomoo98: posts the ante 24
FiesteroAA: posts the ante 24
dainius555: posts the ante 24
Gabrielfs13: posts the ante 24
1olaf5: posts the ante 24
turco1152: posts small blind 80
Gioiatpkmj: posts big blind 160
*** HOLE CARDS ***
Dealt to Gabrielfs13 [Qs Qc]
Coomoo98: folds 
FiesteroAA: folds 
dainius555: folds 
Gabrielfs13: raises 160 to 320
1olaf5: folds 
-Gallesz89-: folds 
turco1152: folds 
Gioiatpkmj: calls 160
*** FLOP *** [Kh 8c 9c]
turco1152 is disconnected 
turco1152 is disconnected 
Gioiatpkmj: checks 
Gabrielfs13: bets 240
Gioiatpkmj: calls 240
*** TURN *** [Kh 8c 9c] [3h]
Gioiatpkmj: checks 
Gabrielfs13: bets 696
Gioiatpkmj: calls 696
*** RIVER *** [Kh 8c 9c 3h] [3d]
Gioiatpkmj: checks 
Gabrielfs13: checks 
*** SHOW DOWN ***
Gioiatpkmj: shows [Kd 6d] (two pair, Kings and Threes)
Gabrielfs13: mucks hand 
Gioiatpkmj collected 2784 from pot
*** SUMMARY ***
Total pot 2784 | Rake 0 
Board [Kh 8c 9c 3h 3d]
Seat 1: -Gallesz89- (button) folded before Flop (didn't bet)
Seat 2: turco1152 (small blind) folded before Flop
Seat 3: Gioiatpkmj (big blind) showed [Kd 6d] and won (2784) with two pair, Kings and Threes
Seat 4: Coomoo98 folded before Flop (didn't bet)
Seat 5: FiesteroAA folded before Flop (didn't bet)
Seat 6: dainius555 folded before Flop (didn't bet)
Seat 7: Gabrielfs13 mucked [Qs Qc]
Seat 8: 1olaf5 folded before Flop (didn't bet)



PokerStars Hand #257263917934: Tournament #3914634373, $4.90+$4.90+$1.20 USD Hold'em No Limit - Level IX (80/160) - 2025/08/08 14:45:00 BRT [2025/08/08 13:45:00 ET]
Table '3914634373 28' 8-max Seat #2 is the button
Seat 1: -Gallesz89- (11163 in chips) 
Seat 2: turco1152 (3823 in chips) 
Seat 3: Gioiatpkmj (12965 in chips) 
Seat 4: Coomoo98 (13543 in chips) 
Seat 5: FiesteroAA (6118 in chips) 
Seat 6: dainius555 (4599 in chips) 
Seat 7: Gabrielfs13 (8947 in chips) 
Seat 8: 1olaf5 (4603 in chips) 
-Gallesz89-: posts the ante 24
turco1152: posts the ante 24
Gioiatpkmj: posts the ante 24
Coomoo98: posts the ante 24
FiesteroAA: posts the ante 24
dainius555: posts the ante 24
Gabrielfs13: posts the ante 24
1olaf5: posts the ante 24
Gioiatpkmj: posts small blind 80
Coomoo98: posts big blind 160
*** HOLE CARDS ***
Dealt to Gabrielfs13 [Jh 2c]
FiesteroAA: folds 
dainius555: raises 160 to 320
Gabrielfs13: folds 
1olaf5: folds 
-Gallesz89-: folds 
turco1152: calls 320
Gioiatpkmj: calls 240
Coomoo98: calls 160
*** FLOP *** [8d 7d Kd]
Gioiatpkmj: checks 
Coomoo98: checks 
dainius555: checks 
turco1152: checks 
*** TURN *** [8d 7d Kd] [5s]
Gioiatpkmj: checks 
Coomoo98: checks 
dainius555: checks 
turco1152: bets 640
Gioiatpkmj: folds 
Coomoo98: folds 
dainius555: folds 
Uncalled bet (640) returned to turco1152
turco1152 collected 1472 from pot
*** SUMMARY ***
Total pot 1472 | Rake 0 
Board [8d 7d Kd 5s]
Seat 1: -Gallesz89- folded before Flop (didn't bet)
Seat 2: turco1152 (button) collected (1472)
Seat 3: Gioiatpkmj (small blind) folded on the Turn
Seat 4: Coomoo98 (big blind) folded on the Turn
Seat 5: FiesteroAA folded before Flop (didn't bet)
Seat 6: dainius555 folded on the Turn
Seat 7: Gabrielfs13 folded before Flop (didn't bet)
Seat 8: 1olaf5 folded before Flop (didn't bet)



PokerStars Hand #257263940717: Tournament #3914634373, $4.90+$4.90+$1.20 USD Hold'em No Limit - Level IX (80/160) - 2025/08/08 14:46:55 BRT [2025/08/08 13:46:55 ET]
Table '3914634373 28' 8-max Seat #3 is the button
Seat 1: -Gallesz89- (11139 in chips) 
Seat 2: turco1152 (4951 in chips) 
Seat 3: Gioiatpkmj (12621 in chips) 
Seat 4: Coomoo98 (13199 in chips) 
Seat 5: FiesteroAA (6094 in chips) 
Seat 6: dainius555 (4255 in chips) 
Seat 7: Gabrielfs13 (8923 in chips) 
Seat 8: 1olaf5 (4579 in chips) 
-Gallesz89-: posts the ante 24
turco1152: posts the ante 24
Gioiatpkmj: posts the ante 24
Coomoo98: posts the ante 24
FiesteroAA: posts the ante 24
dainius555: posts the ante 24
Gabrielfs13: posts the ante 24
1olaf5: posts the ante 24
Coomoo98: posts small blind 80
FiesteroAA: posts big blind 160
*** HOLE CARDS ***
Dealt to Gabrielfs13 [7s Qd]
dainius555: raises 4071 to 4231 and is all-in
Gabrielfs13: folds 
1olaf5: folds 
-Gallesz89-: folds 
turco1152: folds 
Gioiatpkmj: folds 
Coomoo98: folds 
FiesteroAA: folds 
Uncalled bet (4071) returned to dainius555
dainius555 collected 592 from pot
*** SUMMARY ***
Total pot 592 | Rake 0 
Seat 1: -Gallesz89- folded before Flop (didn't bet)
Seat 2: turco1152 folded before Flop (didn't bet)
Seat 3: Gioiatpkmj (button) folded before Flop (didn't bet)
Seat 4: Coomoo98 (small blind) folded before Flop
Seat 5: FiesteroAA (big blind) folded before Flop
Seat 6: dainius555 collected (592)
Seat 7: Gabrielfs13 folded before Flop (didn't bet)
Seat 8: 1olaf5 folded before Flop (didn't bet)



PokerStars Hand #257263946587: Tournament #3914634373, $4.90+$4.90+$1.20 USD Hold'em No Limit - Level IX (80/160) - 2025/08/08 14:47:25 BRT [2025/08/08 13:47:25 ET]
Table '3914634373 28' 8-max Seat #4 is the button
Seat 1: -Gallesz89- (11115 in chips) 
Seat 2: turco1152 (4927 in chips) 
Seat 3: Gioiatpkmj (12597 in chips) 
Seat 4: Coomoo98 (13095 in chips) 
Seat 5: FiesteroAA (5910 in chips) 
Seat 6: dainius555 (4663 in chips) 
Seat 7: Gabrielfs13 (8899 in chips) 
Seat 8: 1olaf5 (4555 in chips) 
-Gallesz89-: posts the ante 24
turco1152: posts the ante 24
Gioiatpkmj: posts the ante 24
Coomoo98: posts the ante 24
FiesteroAA: posts the ante 24
dainius555: posts the ante 24
Gabrielfs13: posts the ante 24
1olaf5: posts the ante 24
FiesteroAA: posts small blind 80
dainius555: posts big blind 160
*** HOLE CARDS ***
Dealt to Gabrielfs13 [4h 4c]
Gabrielfs13: raises 160 to 320
1olaf5: folds 
-Gallesz89-: folds 
turco1152: raises 640 to 960
Gioiatpkmj: folds 
Coomoo98: folds 
FiesteroAA: folds 
dainius555: folds 
Gabrielfs13: folds 
Uncalled bet (640) returned to turco1152
turco1152 collected 1072 from pot
*** SUMMARY ***
Total pot 1072 | Rake 0 
Seat 1: -Gallesz89- folded before Flop (didn't bet)
Seat 2: turco1152 collected (1072)
Seat 3: Gioiatpkmj folded before Flop (didn't bet)
Seat 4: Coomoo98 (button) folded before Flop (didn't bet)
Seat 5: FiesteroAA (small blind) folded before Flop
Seat 6: dainius555 (big blind) folded before Flop
Seat 7: Gabrielfs13 folded before Flop
Seat 8: 1olaf5 folded before Flop (didn't bet)



PokerStars Hand #257263953560: Tournament #3914634373, $4.90+$4.90+$1.20 USD Hold'em No Limit - Level IX (80/160) - 2025/08/08 14:48:00 BRT [2025/08/08 13:48:00 ET]
Table '3914634373 28' 8-max Seat #5 is the button
Seat 1: -Gallesz89- (11091 in chips) 
Seat 2: turco1152 (5655 in chips) 
Seat 3: Gioiatpkmj (12573 in chips) 
Seat 4: Coomoo98 (13071 in chips) 
Seat 5: FiesteroAA (5806 in chips) 
Seat 6: dainius555 (4479 in chips) 
Seat 7: Gabrielfs13 (8555 in chips) 
Seat 8: 1olaf5 (4531 in chips) 
-Gallesz89-: posts the ante 24
turco1152: posts the ante 24
Gioiatpkmj: posts the ante 24
Coomoo98: posts the ante 24
FiesteroAA: posts the ante 24
dainius555: posts the ante 24
Gabrielfs13: posts the ante 24
1olaf5: posts the ante 24
dainius555: posts small blind 80
Gabrielfs13: posts big blind 160
*** HOLE CARDS ***
Dealt to Gabrielfs13 [6c 5h]
1olaf5: raises 320 to 480
-Gallesz89-: folds 
turco1152: folds 
Gioiatpkmj: raises 800 to 1280
Coomoo98: folds 
FiesteroAA: folds 
dainius555: folds 
Gabrielfs13: folds 
1olaf5: folds 
Uncalled bet (800) returned to Gioiatpkmj
Gioiatpkmj collected 1392 from pot
Gioiatpkmj: doesn't show hand 
*** SUMMARY ***
Total pot 1392 | Rake 0 
Seat 1: -Gallesz89- folded before Flop (didn't bet)
Seat 2: turco1152 folded before Flop (didn't bet)
Seat 3: Gioiatpkmj collected (1392)
Seat 4: Coomoo98 folded before Flop (didn't bet)
Seat 5: FiesteroAA (button) folded before Flop (didn't bet)
Seat 6: dainius555 (small blind) folded before Flop
Seat 7: Gabrielfs13 (big blind) folded before Flop
Seat 8: 1olaf5 folded before Flop



PokerStars Hand #257263959382: Tournament #3914634373, $4.90+$4.90+$1.20 USD Hold'em No Limit - Level IX (80/160) - 2025/08/08 14:48:29 BRT [2025/08/08 13:48:29 ET]
Table '3914634373 28' 8-max Seat #6 is the button
Seat 1: -Gallesz89- (11067 in chips) 
Seat 2: turco1152 (5631 in chips) 
Seat 3: Gioiatpkmj (13461 in chips) 
Seat 4: Coomoo98 (13047 in chips) 
Seat 5: FiesteroAA (5782 in chips) 
Seat 6: dainius555 (4375 in chips) 
Seat 7: Gabrielfs13 (8371 in chips) 
Seat 8: 1olaf5 (4027 in chips) 
-Gallesz89-: posts the ante 24
turco1152: posts the ante 24
Gioiatpkmj: posts the ante 24
Coomoo98: posts the ante 24
FiesteroAA: posts the ante 24
dainius555: posts the ante 24
Gabrielfs13: posts the ante 24
1olaf5: posts the ante 24
Gabrielfs13: posts small blind 80
1olaf5: posts big blind 160
*** HOLE CARDS ***
Dealt to Gabrielfs13 [Jc 6s]
-Gallesz89-: folds 
turco1152: folds 
Gioiatpkmj: folds 
Coomoo98: folds 
FiesteroAA: raises 208 to 368
dainius555: folds 
Gabrielfs13: folds 
1olaf5: calls 208
*** FLOP *** [5h Ac 5d]
1olaf5: checks 
FiesteroAA: bets 160
1olaf5: folds 
Uncalled bet (160) returned to FiesteroAA
FiesteroAA collected 1008 from pot
*** SUMMARY ***
Total pot 1008 | Rake 0 
Board [5h Ac 5d]
Seat 1: -Gallesz89- folded before Flop (didn't bet)
Seat 2: turco1152 folded before Flop (didn't bet)
Seat 3: Gioiatpkmj folded before Flop (didn't bet)
Seat 4: Coomoo98 folded before Flop (didn't bet)
Seat 5: FiesteroAA collected (1008)
Seat 6: dainius555 (button) folded before Flop (didn't bet)
Seat 7: Gabrielfs13 (small blind) folded before Flop
Seat 8: 1olaf5 (big blind) folded on the Flop



PokerStars Hand #257263966600: Tournament #3914634373, $4.90+$4.90+$1.20 USD Hold'em No Limit - Level IX (80/160) - 2025/08/08 14:49:05 BRT [2025/08/08 13:49:05 ET]
Table '3914634373 28' 8-max Seat #7 is the button
Seat 1: -Gallesz89- (11043 in chips) 
Seat 2: turco1152 (5607 in chips) 
Seat 3: Gioiatpkmj (13437 in chips) 
Seat 4: Coomoo98 (13023 in chips) 
Seat 5: FiesteroAA (6398 in chips) 
Seat 6: dainius555 (4351 in chips) 
Seat 7: Gabrielfs13 (8267 in chips) 
Seat 8: 1olaf5 (3635 in chips) 
-Gallesz89-: posts the ante 24
turco1152: posts the ante 24
Gioiatpkmj: posts the ante 24
Coomoo98: posts the ante 24
FiesteroAA: posts the ante 24
dainius555: posts the ante 24
Gabrielfs13: posts the ante 24
1olaf5: posts the ante 24
1olaf5: posts small blind 80
-Gallesz89-: posts big blind 160
*** HOLE CARDS ***
Dealt to Gabrielfs13 [Js 2d]
turco1152: folds 
Gioiatpkmj: folds 
Coomoo98: raises 160 to 320
FiesteroAA: folds 
dainius555: folds 
Gabrielfs13: folds 
1olaf5: folds 
-Gallesz89-: folds 
Uncalled bet (160) returned to Coomoo98
Coomoo98 collected 592 from pot
Coomoo98: doesn't show hand 
*** SUMMARY ***
Total pot 592 | Rake 0 
Seat 1: -Gallesz89- (big blind) folded before Flop
Seat 2: turco1152 folded before Flop (didn't bet)
Seat 3: Gioiatpkmj folded before Flop (didn't bet)
Seat 4: Coomoo98 collected (592)
Seat 5: FiesteroAA folded before Flop (didn't bet)
Seat 6: dainius555 folded before Flop (didn't bet)
Seat 7: Gabrielfs13 (button) folded before Flop (didn't bet)
Seat 8: 1olaf5 (small blind) folded before Flop



PokerStars Hand #257263975109: Tournament #3914634373, $4.90+$4.90+$1.20 USD Hold'em No Limit - Level X (90/180) - 2025/08/08 14:49:48 BRT [2025/08/08 13:49:48 ET]
Table '3914634373 28' 8-max Seat #8 is the button
Seat 1: -Gallesz89- (10859 in chips) 
Seat 2: turco1152 (5583 in chips) 
Seat 3: Gioiatpkmj (13413 in chips) 
Seat 4: Coomoo98 (13431 in chips) 
Seat 5: FiesteroAA (6374 in chips) 
Seat 6: dainius555 (4327 in chips) 
Seat 7: Gabrielfs13 (8243 in chips) 
Seat 8: 1olaf5 (3531 in chips) 
-Gallesz89-: posts the ante 27
turco1152: posts the ante 27
Gioiatpkmj: posts the ante 27
Coomoo98: posts the ante 27
FiesteroAA: posts the ante 27
dainius555: posts the ante 27
Gabrielfs13: posts the ante 27
1olaf5: posts the ante 27
-Gallesz89-: posts small blind 90
turco1152: posts big blind 180
*** HOLE CARDS ***
Dealt to Gabrielfs13 [Ah 6d]
Gioiatpkmj: folds 
Coomoo98: raises 180 to 360
FiesteroAA: folds 
dainius555: calls 360
Gabrielfs13: folds 
1olaf5: raises 540 to 900
-Gallesz89-: folds 
turco1152: folds 
Coomoo98: raises 12504 to 13404 and is all-in
dainius555: folds 
1olaf5: calls 2604 and is all-in
Uncalled bet (9900) returned to Coomoo98
*** FLOP *** [Qd 8d Tc]
*** TURN *** [Qd 8d Tc] [4d]
*** RIVER *** [Qd 8d Tc 4d] [3d]
*** SHOW DOWN ***
Coomoo98: shows [As Ks] (high card Ace)
1olaf5: shows [Js Ac] (high card Ace - lower kicker)
Coomoo98 collected 7854 from pot
1olaf5 finished the tournament
*** SUMMARY ***
Total pot 7854 | Rake 0 
Board [Qd 8d Tc 4d 3d]
Seat 1: -Gallesz89- (small blind) folded before Flop
Seat 2: turco1152 (big blind) folded before Flop
Seat 3: Gioiatpkmj folded before Flop (didn't bet)
Seat 4: Coomoo98 showed [As Ks] and won (7854) with high card Ace
Seat 5: FiesteroAA folded before Flop (didn't bet)
Seat 6: dainius555 folded before Flop
Seat 7: Gabrielfs13 folded before Flop (didn't bet)
Seat 8: 1olaf5 (button) showed [Js Ac] and lost with high card Ace



PokerStars Hand #257263983805: Tournament #3914634373, $4.90+$4.90+$1.20 USD Hold'em No Limit - Level X (90/180) - 2025/08/08 14:50:32 BRT [2025/08/08 13:50:32 ET]
Table '3914634373 28' 8-max Seat #1 is the button
Seat 1: -Gallesz89- (10742 in chips) 
Seat 2: turco1152 (5376 in chips) 
Seat 3: Gioiatpkmj (13386 in chips) 
Seat 4: Coomoo98 (17754 in chips) 
Seat 5: FiesteroAA (6347 in chips) 
Seat 6: dainius555 (3940 in chips) 
Seat 7: Gabrielfs13 (8216 in chips) 
-Gallesz89-: posts the ante 27
turco1152: posts the ante 27
Gioiatpkmj: posts the ante 27
Coomoo98: posts the ante 27
FiesteroAA: posts the ante 27
dainius555: posts the ante 27
Gabrielfs13: posts the ante 27
turco1152: posts small blind 90
Gioiatpkmj: posts big blind 180
*** HOLE CARDS ***
Dealt to Gabrielfs13 [4h Qd]
Coomoo98: folds 
tachete75 is disconnected 
FiesteroAA: folds 
dainius555: raises 3733 to 3913 and is all-in
Gabrielfs13: folds 
-Gallesz89-: folds 
turco1152: folds 
Gioiatpkmj: folds 
Uncalled bet (3733) returned to dainius555
dainius555 collected 639 from pot
*** SUMMARY ***
Total pot 639 | Rake 0 
Seat 1: -Gallesz89- (button) folded before Flop (didn't bet)
Seat 2: turco1152 (small blind) folded before Flop
Seat 3: Gioiatpkmj (big blind) folded before Flop
Seat 4: Coomoo98 folded before Flop (didn't bet)
Seat 5: FiesteroAA folded before Flop (didn't bet)
Seat 6: dainius555 collected (639)
Seat 7: Gabrielfs13 folded before Flop (didn't bet)



PokerStars Hand #257263990207: Tournament #3914634373, $4.90+$4.90+$1.20 USD Hold'em No Limit - Level X (90/180) - 2025/08/08 14:51:04 BRT [2025/08/08 13:51:04 ET]
Table '3914634373 28' 8-max Seat #2 is the button
Seat 1: -Gallesz89- (10715 in chips) 
Seat 2: turco1152 (5259 in chips) 
Seat 3: Gioiatpkmj (13179 in chips) 
Seat 4: Coomoo98 (17727 in chips) 
Seat 5: FiesteroAA (6320 in chips) 
Seat 6: dainius555 (4372 in chips) 
Seat 7: Gabrielfs13 (8189 in chips) 
Seat 8: tachete75 (5000 in chips) 
-Gallesz89-: posts the ante 27
turco1152: posts the ante 27
Gioiatpkmj: posts the ante 27
Coomoo98: posts the ante 27
FiesteroAA: posts the ante 27
dainius555: posts the ante 27
Gabrielfs13: posts the ante 27
tachete75: posts the ante 27
Gioiatpkmj: posts small blind 90
Coomoo98: posts big blind 180
*** HOLE CARDS ***
Dealt to Gabrielfs13 [7c 8s]
FiesteroAA: folds 
dainius555: raises 4165 to 4345 and is all-in
Gabrielfs13: folds 
tachete75: folds 
-Gallesz89-: folds 
turco1152: folds 
Gioiatpkmj: folds 
Coomoo98: folds 
Uncalled bet (4165) returned to dainius555
dainius555 collected 666 from pot
*** SUMMARY ***
Total pot 666 | Rake 0 
Seat 1: -Gallesz89- folded before Flop (didn't bet)
Seat 2: turco1152 (button) folded before Flop (didn't bet)
Seat 3: Gioiatpkmj (small blind) folded before Flop
Seat 4: Coomoo98 (big blind) folded before Flop
Seat 5: FiesteroAA folded before Flop (didn't bet)
Seat 6: dainius555 collected (666)
Seat 7: Gabrielfs13 folded before Flop (didn't bet)
Seat 8: tachete75 folded before Flop (didn't bet)



PokerStars Hand #257263997480: Tournament #3914634373, $4.90+$4.90+$1.20 USD Hold'em No Limit - Level X (90/180) - 2025/08/08 14:51:41 BRT [2025/08/08 13:51:41 ET]
Table '3914634373 28' 8-max Seat #3 is the button
Seat 1: -Gallesz89- (10688 in chips) 
Seat 2: turco1152 (5232 in chips) 
Seat 3: Gioiatpkmj (13062 in chips) 
Seat 4: Coomoo98 (17520 in chips) 
Seat 5: FiesteroAA (6293 in chips) 
Seat 6: dainius555 (4831 in chips) 
Seat 7: Gabrielfs13 (8162 in chips) 
Seat 8: tachete75 (4973 in chips) 
-Gallesz89-: posts the ante 27
turco1152: posts the ante 27
Gioiatpkmj: posts the ante 27
Coomoo98: posts the ante 27
FiesteroAA: posts the ante 27
dainius555: posts the ante 27
Gabrielfs13: posts the ante 27
tachete75: posts the ante 27
Coomoo98: posts small blind 90
FiesteroAA: posts big blind 180
*** HOLE CARDS ***
Dealt to Gabrielfs13 [8d Jd]
dainius555: folds 
Gabrielfs13: raises 180 to 360
tachete75: folds 
-Gallesz89-: folds 
turco1152: calls 360
Gioiatpkmj: folds 
Coomoo98: folds 
FiesteroAA: calls 180
*** FLOP *** [3s 2s 4h]
FiesteroAA: checks 
Gabrielfs13: checks 
turco1152: checks 
*** TURN *** [3s 2s 4h] [2c]
FiesteroAA: bets 866
Gabrielfs13: folds 
turco1152: folds 
Uncalled bet (866) returned to FiesteroAA
FiesteroAA collected 1386 from pot
*** SUMMARY ***
Total pot 1386 | Rake 0 
Board [3s 2s 4h 2c]
Seat 1: -Gallesz89- folded before Flop (didn't bet)
Seat 2: turco1152 folded on the Turn
Seat 3: Gioiatpkmj (button) folded before Flop (didn't bet)
Seat 4: Coomoo98 (small blind) folded before Flop
Seat 5: FiesteroAA (big blind) collected (1386)
Seat 6: dainius555 folded before Flop (didn't bet)
Seat 7: Gabrielfs13 folded on the Turn
Seat 8: tachete75 folded before Flop (didn't bet)



PokerStars Hand #257264011234: Tournament #3914634373, $4.90+$4.90+$1.20 USD Hold'em No Limit - Level X (90/180) - 2025/08/08 14:52:50 BRT [2025/08/08 13:52:50 ET]
Table '3914634373 28' 8-max Seat #4 is the button
Seat 1: -Gallesz89- (10661 in chips) 
Seat 2: turco1152 (4845 in chips) 
Seat 3: Gioiatpkmj (13035 in chips) 
Seat 4: Coomoo98 (17403 in chips) 
Seat 5: FiesteroAA (7292 in chips) 
Seat 6: dainius555 (4804 in chips) 
Seat 7: Gabrielfs13 (7775 in chips) 
Seat 8: tachete75 (4946 in chips) 
-Gallesz89-: posts the ante 27
turco1152: posts the ante 27
Gioiatpkmj: posts the ante 27
Coomoo98: posts the ante 27
FiesteroAA: posts the ante 27
dainius555: posts the ante 27
Gabrielfs13: posts the ante 27
tachete75: posts the ante 27
FiesteroAA: posts small blind 90
dainius555: posts big blind 180
*** HOLE CARDS ***
Dealt to Gabrielfs13 [Kh 8c]
Gabrielfs13: folds 
tachete75: folds 
-Gallesz89-: raises 203 to 383
turco1152: calls 383
Gioiatpkmj: folds 
Coomoo98: folds 
FiesteroAA: folds 
dainius555: calls 203
*** FLOP *** [2h 4s 4h]
dainius555: bets 4394 and is all-in
-Gallesz89-: calls 4394
turco1152: folds 
*** TURN *** [2h 4s 4h] [2s]
*** RIVER *** [2h 4s 4h 2s] [Qh]
*** SHOW DOWN ***
dainius555: shows [2c 5s] (a full house, Deuces full of Fours)
-Gallesz89-: shows [7h 7d] (two pair, Sevens and Fours)
dainius555 collected 10243 from pot
*** SUMMARY ***
Total pot 10243 | Rake 0 
Board [2h 4s 4h 2s Qh]
Seat 1: -Gallesz89- showed [7h 7d] and lost with two pair, Sevens and Fours
Seat 2: turco1152 folded on the Flop
Seat 3: Gioiatpkmj folded before Flop (didn't bet)
Seat 4: Coomoo98 (button) folded before Flop (didn't bet)
Seat 5: FiesteroAA (small blind) folded before Flop
Seat 6: dainius555 (big blind) showed [2c 5s] and won (10243) with a full house, Deuces full of Fours
Seat 7: Gabrielfs13 folded before Flop (didn't bet)
Seat 8: tachete75 folded before Flop (didn't bet)



PokerStars Hand #257264022254: Tournament #3914634373, $4.90+$4.90+$1.20 USD Hold'em No Limit - Level X (90/180) - 2025/08/08 14:53:45 BRT [2025/08/08 13:53:45 ET]
Table '3914634373 28' 8-max Seat #5 is the button
Seat 1: -Gallesz89- (5857 in chips) 
Seat 2: turco1152 (4435 in chips) 
Seat 3: Gioiatpkmj (13008 in chips) 
Seat 4: Coomoo98 (17376 in chips) 
Seat 5: FiesteroAA (7175 in chips) 
Seat 6: dainius555 (10243 in chips) 
Seat 7: Gabrielfs13 (7748 in chips) 
Seat 8: tachete75 (4919 in chips) 
-Gallesz89-: posts the ante 27
turco1152: posts the ante 27
Gioiatpkmj: posts the ante 27
Coomoo98: posts the ante 27
FiesteroAA: posts the ante 27
dainius555: posts the ante 27
Gabrielfs13: posts the ante 27
tachete75: posts the ante 27
dainius555: posts small blind 90
Gabrielfs13: posts big blind 180
*** HOLE CARDS ***
Dealt to Gabrielfs13 [4s 8s]
tachete75: folds 
-Gallesz89-: raises 203 to 383
turco1152: folds 
Gioiatpkmj: raises 697 to 1080
Coomoo98: folds 
FiesteroAA: folds 
dainius555: folds 
Gabrielfs13: folds 
-Gallesz89-: calls 697
*** FLOP *** [3c 7d 2d]
-Gallesz89-: checks 
Gioiatpkmj: bets 662
-Gallesz89-: calls 662
*** TURN *** [3c 7d 2d] [Js]
-Gallesz89-: bets 950
Gioiatpkmj: raises 10289 to 11239 and is all-in
-Gallesz89-: folds 
Uncalled bet (10289) returned to Gioiatpkmj
Gioiatpkmj collected 5870 from pot
Gioiatpkmj: doesn't show hand 
*** SUMMARY ***
Total pot 5870 | Rake 0 
Board [3c 7d 2d Js]
Seat 1: -Gallesz89- folded on the Turn
Seat 2: turco1152 folded before Flop (didn't bet)
Seat 3: Gioiatpkmj collected (5870)
Seat 4: Coomoo98 folded before Flop (didn't bet)
Seat 5: FiesteroAA (button) folded before Flop (didn't bet)
Seat 6: dainius555 (small blind) folded before Flop
Seat 7: Gabrielfs13 (big blind) folded before Flop
Seat 8: tachete75 folded before Flop (didn't bet)



PokerStars Hand #257264108312: Tournament #3914634373, $4.90+$4.90+$1.20 USD Hold'em No Limit - Level X (90/180) - 2025/08/08 15:02:49 BRT [2025/08/08 14:02:49 ET]
Table '3914634373 28' 8-max Seat #6 is the button
Seat 1: -Gallesz89- (3138 in chips) 
Seat 2: turco1152 (4408 in chips) 
Seat 3: Gioiatpkmj (16159 in chips) 
Seat 4: Coomoo98 (17349 in chips) 
Seat 5: FiesteroAA (7148 in chips) 
Seat 6: dainius555 (10126 in chips) 
Seat 7: Gabrielfs13 (7541 in chips) 
Seat 8: tachete75 (4892 in chips) 
-Gallesz89-: posts the ante 27
turco1152: posts the ante 27
Gioiatpkmj: posts the ante 27
Coomoo98: posts the ante 27
FiesteroAA: posts the ante 27
dainius555: posts the ante 27
Gabrielfs13: posts the ante 27
tachete75: posts the ante 27
Gabrielfs13: posts small blind 90
tachete75: posts big blind 180
*** HOLE CARDS ***
Dealt to Gabrielfs13 [2c 3s]
-Gallesz89-: folds 
turco1152: raises 180 to 360
Gioiatpkmj: folds 
Coomoo98: folds 
FiesteroAA: folds 
dainius555: calls 360
Gabrielfs13: folds 
tachete75 has timed out
tachete75: folds 
tachete75 is sitting out
*** FLOP *** [Qs 2h 6s]
tachete75 has returned
turco1152: bets 330
dainius555: calls 330
*** TURN *** [Qs 2h 6s] [Js]
turco1152: bets 540
dainius555: folds 
Uncalled bet (540) returned to turco1152
turco1152 collected 1866 from pot
*** SUMMARY ***
Total pot 1866 | Rake 0 
Board [Qs 2h 6s Js]
Seat 1: -Gallesz89- folded before Flop (didn't bet)
Seat 2: turco1152 collected (1866)
Seat 3: Gioiatpkmj folded before Flop (didn't bet)
Seat 4: Coomoo98 folded before Flop (didn't bet)
Seat 5: FiesteroAA folded before Flop (didn't bet)
Seat 6: dainius555 (button) folded on the Turn
Seat 7: Gabrielfs13 (small blind) folded before Flop
Seat 8: tachete75 (big blind) folded before Flop



PokerStars Hand #257264127115: Tournament #3914634373, $4.90+$4.90+$1.20 USD Hold'em No Limit - Level X (90/180) - 2025/08/08 15:04:24 BRT [2025/08/08 14:04:24 ET]
Table '3914634373 28' 8-max Seat #7 is the button
Seat 1: -Gallesz89- (3111 in chips) 
Seat 2: turco1152 (5557 in chips) 
Seat 3: Gioiatpkmj (16132 in chips) 
Seat 4: Coomoo98 (17322 in chips) 
Seat 5: FiesteroAA (7121 in chips) 
Seat 6: dainius555 (9409 in chips) 
Seat 7: Gabrielfs13 (7424 in chips) 
Seat 8: tachete75 (4685 in chips) 
-Gallesz89-: posts the ante 27
turco1152: posts the ante 27
Gioiatpkmj: posts the ante 27
Coomoo98: posts the ante 27
FiesteroAA: posts the ante 27
dainius555: posts the ante 27
Gabrielfs13: posts the ante 27
tachete75: posts the ante 27
tachete75: posts small blind 90
-Gallesz89-: posts big blind 180
*** HOLE CARDS ***
Dealt to Gabrielfs13 [9h 3d]
turco1152: folds 
Gioiatpkmj: raises 180 to 360
Coomoo98: calls 360
FiesteroAA: folds 
dainius555: folds 
Gabrielfs13: folds 
tachete75: folds 
-Gallesz89-: calls 180
*** FLOP *** [6c As Jc]
-Gallesz89-: checks 
Gioiatpkmj: checks 
Coomoo98: bets 360
-Gallesz89-: folds 
Gioiatpkmj: calls 360
*** TURN *** [6c As Jc] [6s]
Gioiatpkmj: checks 
Coomoo98: bets 1080
Gioiatpkmj: calls 1080
*** RIVER *** [6c As Jc 6s] [4s]
Gioiatpkmj: checks 
Coomoo98: checks 
*** SHOW DOWN ***
Gioiatpkmj: shows [4c Ac] (two pair, Aces and Sixes)
Coomoo98: shows [Ad 8d] (two pair, Aces and Sixes)
Gioiatpkmj collected 2133 from pot
Coomoo98 collected 2133 from pot
*** SUMMARY ***
Total pot 4266 | Rake 0 
Board [6c As Jc 6s 4s]
Seat 1: -Gallesz89- (big blind) folded on the Flop
Seat 2: turco1152 folded before Flop (didn't bet)
Seat 3: Gioiatpkmj showed [4c Ac] and won (2133) with two pair, Aces and Sixes
Seat 4: Coomoo98 showed [Ad 8d] and won (2133) with two pair, Aces and Sixes
Seat 5: FiesteroAA folded before Flop (didn't bet)
Seat 6: dainius555 folded before Flop (didn't bet)
Seat 7: Gabrielfs13 (button) folded before Flop (didn't bet)
Seat 8: tachete75 (small blind) folded before Flop



PokerStars Hand #257264147974: Tournament #3914634373, $4.90+$4.90+$1.20 USD Hold'em No Limit - Level XI (100/200) - 2025/08/08 15:06:10 BRT [2025/08/08 14:06:10 ET]
Table '3914634373 28' 8-max Seat #8 is the button
Seat 1: -Gallesz89- (2724 in chips) 
Seat 2: turco1152 (5530 in chips) 
Seat 3: Gioiatpkmj (16438 in chips) 
Seat 4: Coomoo98 (17628 in chips) 
Seat 5: FiesteroAA (7094 in chips) 
Seat 6: dainius555 (9382 in chips) 
Seat 7: Gabrielfs13 (7397 in chips) 
Seat 8: tachete75 (4568 in chips) 
-Gallesz89-: posts the ante 30
turco1152: posts the ante 30
Gioiatpkmj: posts the ante 30
Coomoo98: posts the ante 30
FiesteroAA: posts the ante 30
dainius555: posts the ante 30
Gabrielfs13: posts the ante 30
tachete75: posts the ante 30
-Gallesz89-: posts small blind 100
turco1152: posts big blind 200
*** HOLE CARDS ***
Dealt to Gabrielfs13 [Kd 8c]
Gioiatpkmj: folds 
Coomoo98: raises 200 to 400
FiesteroAA: raises 600 to 1000
dainius555: folds 
Gabrielfs13: folds 
tachete75: folds 
-Gallesz89-: folds 
turco1152: folds 
Coomoo98: calls 600
*** FLOP *** [7c 4h Qh]
Coomoo98: checks 
FiesteroAA: bets 1067
Coomoo98: calls 1067
*** TURN *** [7c 4h Qh] [2h]
Coomoo98: checks 
FiesteroAA: bets 4997 and is all-in
Coomoo98: calls 4997
*** RIVER *** [7c 4h Qh 2h] [5c]
*** SHOW DOWN ***
Coomoo98: shows [Th Jh] (a flush, Queen high)
FiesteroAA: shows [As Ac] (a pair of Aces)
Coomoo98 collected 14668 from pot
FiesteroAA finished the tournament
*** SUMMARY ***
Total pot 14668 | Rake 0 
Board [7c 4h Qh 2h 5c]
Seat 1: -Gallesz89- (small blind) folded before Flop
Seat 2: turco1152 (big blind) folded before Flop
Seat 3: Gioiatpkmj folded before Flop (didn't bet)
Seat 4: Coomoo98 showed [Th Jh] and won (14668) with a flush, Queen high
Seat 5: FiesteroAA showed [As Ac] and lost with a pair of Aces
Seat 6: dainius555 folded before Flop (didn't bet)
Seat 7: Gabrielfs13 folded before Flop (didn't bet)
Seat 8: tachete75 (button) folded before Flop (didn't bet)



PokerStars Hand #257264165932: Tournament #3914634373, $4.90+$4.90+$1.20 USD Hold'em No Limit - Level XI (100/200) - 2025/08/08 15:07:40 BRT [2025/08/08 14:07:40 ET]
Table '3914634373 28' 8-max Seat #1 is the button
Seat 1: -Gallesz89- (2594 in chips) 
Seat 2: turco1152 (5300 in chips) 
Seat 3: Gioiatpkmj (16408 in chips) 
Seat 4: Coomoo98 (25202 in chips) 
Seat 6: dainius555 (9352 in chips) 
Seat 7: Gabrielfs13 (7367 in chips) 
Seat 8: tachete75 (4538 in chips) 
-Gallesz89-: posts the ante 30
turco1152: posts the ante 30
Gioiatpkmj: posts the ante 30
Coomoo98: posts the ante 30
dainius555: posts the ante 30
Gabrielfs13: posts the ante 30
tachete75: posts the ante 30
turco1152: posts small blind 100
Gioiatpkmj: posts big blind 200
*** HOLE CARDS ***
Dealt to Gabrielfs13 [Qs 8c]
Coomoo98: raises 200 to 400
dainius555: folds 
Gabrielfs13: folds 
tachete75: folds 
-Gallesz89-: raises 2164 to 2564 and is all-in
turco1152: folds 
Gioiatpkmj: folds 
Coomoo98: calls 2164
*** FLOP *** [8d 2d Qd]
*** TURN *** [8d 2d Qd] [6s]
*** RIVER *** [8d 2d Qd 6s] [9d]
*** SHOW DOWN ***
Coomoo98: shows [Ah 9h] (a pair of Nines)
-Gallesz89-: shows [Jh Ad] (a flush, Ace high)
-Gallesz89- collected 5638 from pot
*** SUMMARY ***
Total pot 5638 | Rake 0 
Board [8d 2d Qd 6s 9d]
Seat 1: -Gallesz89- (button) showed [Jh Ad] and won (5638) with a flush, Ace high
Seat 2: turco1152 (small blind) folded before Flop
Seat 3: Gioiatpkmj (big blind) folded before Flop
Seat 4: Coomoo98 showed [Ah 9h] and lost with a pair of Nines
Seat 6: dainius555 folded before Flop (didn't bet)
Seat 7: Gabrielfs13 folded before Flop (didn't bet)
Seat 8: tachete75 folded before Flop (didn't bet)



PokerStars Hand #257264171682: Tournament #3914634373, $4.90+$4.90+$1.20 USD Hold'em No Limit - Level XI (100/200) - 2025/08/08 15:08:10 BRT [2025/08/08 14:08:10 ET]
Table '3914634373 28' 8-max Seat #2 is the button
Seat 1: -Gallesz89- (5638 in chips) 
Seat 2: turco1152 (5170 in chips) 
Seat 3: Gioiatpkmj (16178 in chips) 
Seat 4: Coomoo98 (22608 in chips) 
Seat 5: novo_lyrou (5000 in chips) 
Seat 6: dainius555 (9322 in chips) 
Seat 7: Gabrielfs13 (7337 in chips) 
Seat 8: tachete75 (4508 in chips) 
-Gallesz89-: posts the ante 30
turco1152: posts the ante 30
Gioiatpkmj: posts the ante 30
Coomoo98: posts the ante 30
novo_lyrou: posts the ante 30
dainius555: posts the ante 30
Gabrielfs13: posts the ante 30
tachete75: posts the ante 30
Gioiatpkmj: posts small blind 100
Coomoo98: posts big blind 200
*** HOLE CARDS ***
Dealt to Gabrielfs13 [3s Kc]
novo_lyrou: folds 
dainius555: folds 
Gabrielfs13: folds 
tachete75: folds 
-Gallesz89-: folds 
turco1152: folds 
Gioiatpkmj: calls 100
Coomoo98: checks 
*** FLOP *** [8c 2h Kd]
Gioiatpkmj: bets 220
Coomoo98: folds 
Uncalled bet (220) returned to Gioiatpkmj
Gioiatpkmj collected 640 from pot
Gioiatpkmj: doesn't show hand 
*** SUMMARY ***
Total pot 640 | Rake 0 
Board [8c 2h Kd]
Seat 1: -Gallesz89- folded before Flop (didn't bet)
Seat 2: turco1152 (button) folded before Flop (didn't bet)
Seat 3: Gioiatpkmj (small blind) collected (640)
Seat 4: Coomoo98 (big blind) folded on the Flop
Seat 5: novo_lyrou folded before Flop (didn't bet)
Seat 6: dainius555 folded before Flop (didn't bet)
Seat 7: Gabrielfs13 folded before Flop (didn't bet)
Seat 8: tachete75 folded before Flop (didn't bet)



PokerStars Hand #257264181456: Tournament #3914634373, $4.90+$4.90+$1.20 USD Hold'em No Limit - Level XI (100/200) - 2025/08/08 15:08:58 BRT [2025/08/08 14:08:58 ET]
Table '3914634373 28' 8-max Seat #3 is the button
Seat 1: -Gallesz89- (5608 in chips) 
Seat 2: turco1152 (5140 in chips) 
Seat 3: Gioiatpkmj (16588 in chips) 
Seat 4: Coomoo98 (22378 in chips) 
Seat 5: novo_lyrou (4970 in chips) 
Seat 6: dainius555 (9292 in chips) 
Seat 7: Gabrielfs13 (7307 in chips) 
Seat 8: tachete75 (4478 in chips) 
-Gallesz89-: posts the ante 30
turco1152: posts the ante 30
Gioiatpkmj: posts the ante 30
Coomoo98: posts the ante 30
novo_lyrou: posts the ante 30
dainius555: posts the ante 30
Gabrielfs13: posts the ante 30
tachete75: posts the ante 30
Coomoo98: posts small blind 100
novo_lyrou: posts big blind 200
*** HOLE CARDS ***
Dealt to Gabrielfs13 [Qd 7s]
dainius555: folds 
Gabrielfs13: folds 
tachete75: folds 
-Gallesz89-: folds 
turco1152: raises 400 to 600
Gioiatpkmj: folds 
Coomoo98: folds 
novo_lyrou: folds 
Uncalled bet (400) returned to turco1152
turco1152 collected 740 from pot
*** SUMMARY ***
Total pot 740 | Rake 0 
Seat 1: -Gallesz89- folded before Flop (didn't bet)
Seat 2: turco1152 collected (740)
Seat 3: Gioiatpkmj (button) folded before Flop (didn't bet)
Seat 4: Coomoo98 (small blind) folded before Flop
Seat 5: novo_lyrou (big blind) folded before Flop
Seat 6: dainius555 folded before Flop (didn't bet)
Seat 7: Gabrielfs13 folded before Flop (didn't bet)
Seat 8: tachete75 folded before Flop (didn't bet)



PokerStars Hand #257264187923: Tournament #3914634373, $4.90+$4.90+$1.20 USD Hold'em No Limit - Level XI (100/200) - 2025/08/08 15:09:31 BRT [2025/08/08 14:09:31 ET]
Table '3914634373 28' 8-max Seat #4 is the button
Seat 1: -Gallesz89- (5578 in chips) 
Seat 2: turco1152 (5650 in chips) 
Seat 3: Gioiatpkmj (16558 in chips) 
Seat 4: Coomoo98 (22248 in chips) 
Seat 5: novo_lyrou (4740 in chips) 
Seat 6: dainius555 (9262 in chips) 
Seat 7: Gabrielfs13 (7277 in chips) 
Seat 8: tachete75 (4448 in chips) 
-Gallesz89-: posts the ante 30
turco1152: posts the ante 30
Gioiatpkmj: posts the ante 30
Coomoo98: posts the ante 30
novo_lyrou: posts the ante 30
dainius555: posts the ante 30
Gabrielfs13: posts the ante 30
tachete75: posts the ante 30
novo_lyrou: posts small blind 100
dainius555: posts big blind 200
*** HOLE CARDS ***
Dealt to Gabrielfs13 [Ks 3c]
Gabrielfs13: folds 
tachete75: folds 
-Gallesz89-: folds 
turco1152: folds 
Gioiatpkmj: folds 
Coomoo98: folds 
novo_lyrou: folds 
Uncalled bet (100) returned to dainius555
dainius555 collected 440 from pot
*** SUMMARY ***
Total pot 440 | Rake 0 
Seat 1: -Gallesz89- folded before Flop (didn't bet)
Seat 2: turco1152 folded before Flop (didn't bet)
Seat 3: Gioiatpkmj folded before Flop (didn't bet)
Seat 4: Coomoo98 (button) folded before Flop (didn't bet)
Seat 5: novo_lyrou (small blind) folded before Flop
Seat 6: dainius555 (big blind) collected (440)
Seat 7: Gabrielfs13 folded before Flop (didn't bet)
Seat 8: tachete75 folded before Flop (didn't bet)



PokerStars Hand #257264192711: Tournament #3914634373, $4.90+$4.90+$1.20 USD Hold'em No Limit - Level XI (100/200) - 2025/08/08 15:09:55 BRT [2025/08/08 14:09:55 ET]
Table '3914634373 28' 8-max Seat #5 is the button
Seat 1: -Gallesz89- (5548 in chips) 
Seat 2: turco1152 (5620 in chips) 
Seat 3: Gioiatpkmj (16528 in chips) 
Seat 4: Coomoo98 (22218 in chips) 
Seat 5: novo_lyrou (4610 in chips) 
Seat 6: dainius555 (9572 in chips) 
Seat 7: Gabrielfs13 (7247 in chips) 
Seat 8: tachete75 (4418 in chips) 
-Gallesz89-: posts the ante 30
turco1152: posts the ante 30
Gioiatpkmj: posts the ante 30
Coomoo98: posts the ante 30
novo_lyrou: posts the ante 30
dainius555: posts the ante 30
Gabrielfs13: posts the ante 30
tachete75: posts the ante 30
dainius555: posts small blind 100
Gabrielfs13: posts big blind 200
*** HOLE CARDS ***
Dealt to Gabrielfs13 [9d Ts]
tachete75: folds 
-Gallesz89-: folds 
turco1152: folds 
Gioiatpkmj: folds 
Coomoo98: folds 
novo_lyrou: folds 
dainius555: raises 200 to 400
Gabrielfs13: calls 200
*** FLOP *** [4h 5s 7s]
dainius555: bets 400
Gabrielfs13: calls 400
*** TURN *** [4h 5s 7s] [2s]
dainius555: bets 920
Gabrielfs13: calls 920
*** RIVER *** [4h 5s 7s 2s] [6c]
dainius555: checks 
Gabrielfs13: bets 5497 and is all-in
dainius555: calls 5497
*** SHOW DOWN ***
Gabrielfs13: shows [9d Ts] (high card Ten)
dainius555: shows [Jh Jc] (a pair of Jacks)
dainius555 collected 14674 from pot
Gabrielfs13 finished the tournament
*** SUMMARY ***
Total pot 14674 | Rake 0 
Board [4h 5s 7s 2s 6c]
Seat 1: -Gallesz89- folded before Flop (didn't bet)
Seat 2: turco1152 folded before Flop (didn't bet)
Seat 3: Gioiatpkmj folded before Flop (didn't bet)
Seat 4: Coomoo98 folded before Flop (didn't bet)
Seat 5: novo_lyrou (button) folded before Flop (didn't bet)
Seat 6: dainius555 (small blind) showed [Jh Jc] and won (14674) with a pair of Jacks
Seat 7: Gabrielfs13 (big blind) showed [9d Ts] and lost with high card Ten
Seat 8: tachete75 folded before Flop (didn't bet)



PokerStars Hand #257264211377: Tournament #3914634373, $4.90+$4.90+$1.20 USD Hold'em No Limit - Level XI (100/200) - 2025/08/08 15:11:28 BRT [2025/08/08 14:11:28 ET]
Table '3914634373 59' 8-max Seat #5 is the button
Seat 1: metotti999 (3717 in chips) 
Seat 2: sillypickle1 (8579 in chips) 
Seat 3: abato1146 (27432 in chips) 
Seat 4: seumadrugaking (19847 in chips) 
Seat 5: ILoveFoId (3950 in chips) 
Seat 6: Olivera431 (20350 in chips) 
Seat 7: Gabrielfs13 (5000 in chips) 
Seat 8: 77 Maia (11405 in chips) 
metotti999: posts the ante 30
sillypickle1: posts the ante 30
abato1146: posts the ante 30
seumadrugaking: posts the ante 30
ILoveFoId: posts the ante 30
Olivera431: posts the ante 30
Gabrielfs13: posts the ante 30
77 Maia: posts the ante 30
Olivera431: posts small blind 100
Gabrielfs13: posts big blind 200
*** HOLE CARDS ***
Dealt to Gabrielfs13 [2d Js]
77 Maia: folds 
metotti999: folds 
sillypickle1: folds 
abato1146: folds 
seumadrugaking: raises 200 to 400
ILoveFoId: folds 
Olivera431: folds 
Gabrielfs13: folds 
Uncalled bet (200) returned to seumadrugaking
seumadrugaking collected 740 from pot
seumadrugaking: doesn't show hand 
*** SUMMARY ***
Total pot 740 | Rake 0 
Seat 1: metotti999 folded before Flop (didn't bet)
Seat 2: sillypickle1 folded before Flop (didn't bet)
Seat 3: abato1146 folded before Flop (didn't bet)
Seat 4: seumadrugaking collected (740)
Seat 5: ILoveFoId (button) folded before Flop (didn't bet)
Seat 6: Olivera431 (small blind) folded before Flop
Seat 7: Gabrielfs13 (big blind) folded before Flop
Seat 8: 77 Maia folded before Flop (didn't bet)



PokerStars Hand #257264217254: Tournament #3914634373, $4.90+$4.90+$1.20 USD Hold'em No Limit - Level XI (100/200) - 2025/08/08 15:11:58 BRT [2025/08/08 14:11:58 ET]
Table '3914634373 59' 8-max Seat #6 is the button
Seat 1: metotti999 (3687 in chips) 
Seat 2: sillypickle1 (8549 in chips) 
Seat 3: abato1146 (27402 in chips) 
Seat 4: seumadrugaking (20357 in chips) 
Seat 5: ILoveFoId (3920 in chips) 
Seat 6: Olivera431 (20220 in chips) 
Seat 7: Gabrielfs13 (4770 in chips) 
Seat 8: 77 Maia (11375 in chips) 
metotti999: posts the ante 30
sillypickle1: posts the ante 30
abato1146: posts the ante 30
seumadrugaking: posts the ante 30
ILoveFoId: posts the ante 30
Olivera431: posts the ante 30
Gabrielfs13: posts the ante 30
77 Maia: posts the ante 30
Gabrielfs13: posts small blind 100
77 Maia: posts big blind 200
*** HOLE CARDS ***
Dealt to Gabrielfs13 [Jd 6s]
metotti999: folds 
sillypickle1: folds 
abato1146: raises 200 to 400
seumadrugaking: raises 1200 to 1600
ILoveFoId: folds 
Olivera431: folds 
Gabrielfs13: folds 
77 Maia has timed out
77 Maia: folds 
77 Maia is sitting out
abato1146: folds 
Uncalled bet (1200) returned to seumadrugaking
seumadrugaking collected 1340 from pot
seumadrugaking: doesn't show hand 
*** SUMMARY ***
Total pot 1340 | Rake 0 
Seat 1: metotti999 folded before Flop (didn't bet)
Seat 2: sillypickle1 folded before Flop (didn't bet)
Seat 3: abato1146 folded before Flop
Seat 4: seumadrugaking collected (1340)
Seat 5: ILoveFoId folded before Flop (didn't bet)
Seat 6: Olivera431 (button) folded before Flop (didn't bet)
Seat 7: Gabrielfs13 (small blind) folded before Flop
Seat 8: 77 Maia (big blind) folded before Flop



PokerStars Hand #257264226328: Tournament #3914634373, $4.90+$4.90+$1.20 USD Hold'em No Limit - Level XI (100/200) - 2025/08/08 15:12:42 BRT [2025/08/08 14:12:42 ET]
Table '3914634373 59' 8-max Seat #7 is the button
Seat 1: metotti999 (3657 in chips) 
Seat 2: sillypickle1 (8519 in chips) 
Seat 3: abato1146 (26972 in chips) 
Seat 4: seumadrugaking (21267 in chips) 
Seat 5: ILoveFoId (3890 in chips) 
Seat 6: Olivera431 (20190 in chips) 
Seat 7: Gabrielfs13 (4640 in chips) 
Seat 8: 77 Maia (11145 in chips) is sitting out
metotti999: posts the ante 30
sillypickle1: posts the ante 30
abato1146: posts the ante 30
seumadrugaking: posts the ante 30
ILoveFoId: posts the ante 30
Olivera431: posts the ante 30
Gabrielfs13: posts the ante 30
77 Maia: posts the ante 30
77 Maia: posts small blind 100
metotti999: posts big blind 200
*** HOLE CARDS ***
Dealt to Gabrielfs13 [Ac 5s]
sillypickle1: folds 
abato1146: raises 220 to 420
seumadrugaking: folds 
ILoveFoId: folds 
Olivera431: calls 420
Gabrielfs13: folds 
77 Maia: folds 
metotti999: calls 220
*** FLOP *** [As 3s Qd]
metotti999: checks 
abato1146: bets 700
77 Maia has returned
Olivera431: calls 700
metotti999: folds 
*** TURN *** [As 3s Qd] [9d]
abato1146: checks 
Olivera431: bets 1000
abato1146: calls 1000
*** RIVER *** [As 3s Qd 9d] [6c]
abato1146: checks 
Olivera431: checks 
*** SHOW DOWN ***
abato1146: shows [Ts Js] (high card Ace)
Olivera431: shows [Th Ah] (a pair of Aces)
Olivera431 collected 5000 from pot
*** SUMMARY ***
Total pot 5000 | Rake 0 
Board [As 3s Qd 9d 6c]
Seat 1: metotti999 (big blind) folded on the Flop
Seat 2: sillypickle1 folded before Flop (didn't bet)
Seat 3: abato1146 showed [Ts Js] and lost with high card Ace
Seat 4: seumadrugaking folded before Flop (didn't bet)
Seat 5: ILoveFoId folded before Flop (didn't bet)
Seat 6: Olivera431 showed [Th Ah] and won (5000) with a pair of Aces
Seat 7: Gabrielfs13 (button) folded before Flop (didn't bet)
Seat 8: 77 Maia (small blind) folded before Flop



PokerStars Hand #257264243295: Tournament #3914634373, $4.90+$4.90+$1.20 USD Hold'em No Limit - Level XII (125/250) - 2025/08/08 15:14:06 BRT [2025/08/08 14:14:06 ET]
Table '3914634373 59' 8-max Seat #8 is the button
Seat 1: metotti999 (3207 in chips) 
Seat 2: sillypickle1 (8489 in chips) 
Seat 3: abato1146 (24822 in chips) 
Seat 4: seumadrugaking (21237 in chips) 
Seat 5: ILoveFoId (3860 in chips) 
Seat 6: Olivera431 (23040 in chips) 
Seat 7: Gabrielfs13 (4610 in chips) 
Seat 8: 77 Maia (11015 in chips) 
metotti999: posts the ante 36
sillypickle1: posts the ante 36
abato1146: posts the ante 36
seumadrugaking: posts the ante 36
ILoveFoId: posts the ante 36
Olivera431: posts the ante 36
Gabrielfs13: posts the ante 36
77 Maia: posts the ante 36
metotti999: posts small blind 125
sillypickle1: posts big blind 250
*** HOLE CARDS ***
Dealt to Gabrielfs13 [Ts 7c]
abato1146: folds 
seumadrugaking: folds 
ILoveFoId: folds 
Olivera431: folds 
Gabrielfs13: folds 
77 Maia: folds 
metotti999: raises 2921 to 3171 and is all-in
sillypickle1: folds 
Uncalled bet (2921) returned to metotti999
metotti999 collected 788 from pot
metotti999: doesn't show hand 
*** SUMMARY ***
Total pot 788 | Rake 0 
Seat 1: metotti999 (small blind) collected (788)
Seat 2: sillypickle1 (big blind) folded before Flop
Seat 3: abato1146 folded before Flop (didn't bet)
Seat 4: seumadrugaking folded before Flop (didn't bet)
Seat 5: ILoveFoId folded before Flop (didn't bet)
Seat 6: Olivera431 folded before Flop (didn't bet)
Seat 7: Gabrielfs13 folded before Flop (didn't bet)
Seat 8: 77 Maia (button) folded before Flop (didn't bet)



PokerStars Hand #257264248010: Tournament #3914634373, $4.90+$4.90+$1.20 USD Hold'em No Limit - Level XII (125/250) - 2025/08/08 15:14:29 BRT [2025/08/08 14:14:29 ET]
Table '3914634373 59' 8-max Seat #1 is the button
Seat 1: metotti999 (3709 in chips) 
Seat 2: sillypickle1 (8203 in chips) 
Seat 3: abato1146 (24786 in chips) 
Seat 4: seumadrugaking (21201 in chips) 
Seat 5: ILoveFoId (3824 in chips) 
Seat 6: Olivera431 (23004 in chips) 
Seat 7: Gabrielfs13 (4574 in chips) 
Seat 8: 77 Maia (10979 in chips) 
metotti999: posts the ante 36
sillypickle1: posts the ante 36
abato1146: posts the ante 36
seumadrugaking: posts the ante 36
ILoveFoId: posts the ante 36
Olivera431: posts the ante 36
Gabrielfs13: posts the ante 36
77 Maia: posts the ante 36
sillypickle1: posts small blind 125
abato1146: posts big blind 250
*** HOLE CARDS ***
Dealt to Gabrielfs13 [3h 7c]
seumadrugaking: folds 
ILoveFoId: raises 3538 to 3788 and is all-in
Olivera431: folds 
Gabrielfs13: folds 
77 Maia: folds 
metotti999: folds 
sillypickle1: folds 
abato1146: calls 3538
*** FLOP *** [7s 3d 7d]
*** TURN *** [7s 3d 7d] [7h]
*** RIVER *** [7s 3d 7d 7h] [2c]
*** SHOW DOWN ***
abato1146: shows [9d Kd] (three of a kind, Sevens)
ILoveFoId: shows [Jh Th] (three of a kind, Sevens - lower kicker)
abato1146 collected 7989 from pot
ILoveFoId finished the tournament
*** SUMMARY ***
Total pot 7989 | Rake 0 
Board [7s 3d 7d 7h 2c]
Seat 1: metotti999 (button) folded before Flop (didn't bet)
Seat 2: sillypickle1 (small blind) folded before Flop
Seat 3: abato1146 (big blind) showed [9d Kd] and won (7989) with three of a kind, Sevens
Seat 4: seumadrugaking folded before Flop (didn't bet)
Seat 5: ILoveFoId showed [Jh Th] and lost with three of a kind, Sevens
Seat 6: Olivera431 folded before Flop (didn't bet)
Seat 7: Gabrielfs13 folded before Flop (didn't bet)
Seat 8: 77 Maia folded before Flop (didn't bet)



PokerStars Hand #257264256942: Tournament #3914634373, $4.90+$4.90+$1.20 USD Hold'em No Limit - Level XII (125/250) - 2025/08/08 15:15:12 BRT [2025/08/08 14:15:12 ET]
Table '3914634373 59' 8-max Seat #2 is the button
Seat 1: metotti999 (3673 in chips) 
Seat 2: sillypickle1 (8042 in chips) 
Seat 3: abato1146 (28951 in chips) 
Seat 4: seumadrugaking (21165 in chips) 
Seat 6: Olivera431 (22968 in chips) 
Seat 7: Gabrielfs13 (4538 in chips) 
Seat 8: 77 Maia (10943 in chips) 
metotti999: posts the ante 36
sillypickle1: posts the ante 36
abato1146: posts the ante 36
seumadrugaking: posts the ante 36
Olivera431: posts the ante 36
Gabrielfs13: posts the ante 36
77 Maia: posts the ante 36
abato1146: posts small blind 125
seumadrugaking: posts big blind 250
*** HOLE CARDS ***
Dealt to Gabrielfs13 [6d 4h]
Olivera431: folds 
Gabrielfs13: folds 
77 Maia: raises 250 to 500
metotti999: folds 
sillypickle1: folds 
abato1146: folds 
seumadrugaking: calls 250
*** FLOP *** [Kh Ac 4d]
seumadrugaking: checks 
77 Maia: bets 454
seumadrugaking: folds 
Uncalled bet (454) returned to 77 Maia
77 Maia collected 1377 from pot
*** SUMMARY ***
Total pot 1377 | Rake 0 
Board [Kh Ac 4d]
Seat 1: metotti999 folded before Flop (didn't bet)
Seat 2: sillypickle1 (button) folded before Flop (didn't bet)
Seat 3: abato1146 (small blind) folded before Flop
Seat 4: seumadrugaking (big blind) folded on the Flop
Seat 6: Olivera431 folded before Flop (didn't bet)
Seat 7: Gabrielfs13 folded before Flop (didn't bet)
Seat 8: 77 Maia collected (1377)



PokerStars Hand #257264269393: Tournament #3914634373, $4.90+$4.90+$1.20 USD Hold'em No Limit - Level XII (125/250) - 2025/08/08 15:16:13 BRT [2025/08/08 14:16:13 ET]
Table '3914634373 59' 8-max Seat #3 is the button
Seat 1: metotti999 (3637 in chips) 
Seat 2: sillypickle1 (8006 in chips) 
Seat 3: abato1146 (28790 in chips) 
Seat 4: seumadrugaking (20629 in chips) 
Seat 5: Mahoo14 (9631 in chips) 
Seat 6: Olivera431 (22932 in chips) 
Seat 7: Gabrielfs13 (4502 in chips) 
Seat 8: 77 Maia (11784 in chips) 
metotti999: posts the ante 36
sillypickle1: posts the ante 36
abato1146: posts the ante 36
seumadrugaking: posts the ante 36
Mahoo14: posts the ante 36
Olivera431: posts the ante 36
Gabrielfs13: posts the ante 36
77 Maia: posts the ante 36
seumadrugaking: posts small blind 125
Mahoo14: posts big blind 250
*** HOLE CARDS ***
Dealt to Gabrielfs13 [2d 3h]
Olivera431: folds 
Gabrielfs13: folds 
77 Maia: folds 
metotti999: folds 
sillypickle1: raises 250 to 500
abato1146: raises 1125 to 1625
seumadrugaking: folds 
Mahoo14: folds 
sillypickle1: folds 
Uncalled bet (1125) returned to abato1146
abato1146 collected 1663 from pot
abato1146: doesn't show hand 
*** SUMMARY ***
Total pot 1663 | Rake 0 
Seat 1: metotti999 folded before Flop (didn't bet)
Seat 2: sillypickle1 folded before Flop
Seat 3: abato1146 (button) collected (1663)
Seat 4: seumadrugaking (small blind) folded before Flop
Seat 5: Mahoo14 (big blind) folded before Flop
Seat 6: Olivera431 folded before Flop (didn't bet)
Seat 7: Gabrielfs13 folded before Flop (didn't bet)
Seat 8: 77 Maia folded before Flop (didn't bet)



PokerStars Hand #257264278066: Tournament #3914634373, $4.90+$4.90+$1.20 USD Hold'em No Limit - Level XII (125/250) - 2025/08/08 15:16:55 BRT [2025/08/08 14:16:55 ET]
Table '3914634373 59' 8-max Seat #4 is the button
Seat 1: metotti999 (3601 in chips) 
Seat 2: sillypickle1 (7470 in chips) 
Seat 3: abato1146 (29917 in chips) 
Seat 4: seumadrugaking (20468 in chips) 
Seat 5: Mahoo14 (9345 in chips) 
Seat 6: Olivera431 (22896 in chips) 
Seat 7: Gabrielfs13 (4466 in chips) 
Seat 8: 77 Maia (11748 in chips) 
metotti999: posts the ante 36
sillypickle1: posts the ante 36
abato1146: posts the ante 36
seumadrugaking: posts the ante 36
Mahoo14: posts the ante 36
Olivera431: posts the ante 36
Gabrielfs13: posts the ante 36
77 Maia: posts the ante 36
Mahoo14: posts small blind 125
Olivera431: posts big blind 250
*** HOLE CARDS ***
Dealt to Gabrielfs13 [8h Td]
Gabrielfs13: folds 
77 Maia: folds 
metotti999: raises 250 to 500
sillypickle1: folds 
abato1146: folds 
seumadrugaking: folds 
Mahoo14: folds 
Olivera431: calls 250
*** FLOP *** [5h Qc 9s]
Olivera431: checks 
metotti999: bets 396
Olivera431: folds 
Uncalled bet (396) returned to metotti999
metotti999 collected 1413 from pot
metotti999: doesn't show hand 
*** SUMMARY ***
Total pot 1413 | Rake 0 
Board [5h Qc 9s]
Seat 1: metotti999 collected (1413)
Seat 2: sillypickle1 folded before Flop (didn't bet)
Seat 3: abato1146 folded before Flop (didn't bet)
Seat 4: seumadrugaking (button) folded before Flop (didn't bet)
Seat 5: Mahoo14 (small blind) folded before Flop
Seat 6: Olivera431 (big blind) folded on the Flop
Seat 7: Gabrielfs13 folded before Flop (didn't bet)
Seat 8: 77 Maia folded before Flop (didn't bet)



PokerStars Hand #257264287426: Tournament #3914634373, $4.90+$4.90+$1.20 USD Hold'em No Limit - Level XII (125/250) - 2025/08/08 15:17:41 BRT [2025/08/08 14:17:41 ET]
Table '3914634373 59' 8-max Seat #5 is the button
Seat 1: metotti999 (4478 in chips) 
Seat 2: sillypickle1 (7434 in chips) 
Seat 3: abato1146 (29881 in chips) 
Seat 4: seumadrugaking (20432 in chips) 
Seat 5: Mahoo14 (9184 in chips) 
Seat 6: Olivera431 (22360 in chips) 
Seat 7: Gabrielfs13 (4430 in chips) 
Seat 8: 77 Maia (11712 in chips) 
metotti999: posts the ante 36
sillypickle1: posts the ante 36
abato1146: posts the ante 36
seumadrugaking: posts the ante 36
Mahoo14: posts the ante 36
Olivera431: posts the ante 36
Gabrielfs13: posts the ante 36
77 Maia: posts the ante 36
Olivera431: posts small blind 125
Gabrielfs13: posts big blind 250
*** HOLE CARDS ***
Dealt to Gabrielfs13 [Ts 4d]
77 Maia: raises 250 to 500
metotti999: raises 3942 to 4442 and is all-in
sillypickle1: folds 
abato1146: folds 
seumadrugaking: folds 
Mahoo14: folds 
Olivera431: folds 
Gabrielfs13: folds 
77 Maia: folds 
Uncalled bet (3942) returned to metotti999
metotti999 collected 1663 from pot
metotti999: doesn't show hand 
*** SUMMARY ***
Total pot 1663 | Rake 0 
Seat 1: metotti999 collected (1663)
Seat 2: sillypickle1 folded before Flop (didn't bet)
Seat 3: abato1146 folded before Flop (didn't bet)
Seat 4: seumadrugaking folded before Flop (didn't bet)
Seat 5: Mahoo14 (button) folded before Flop (didn't bet)
Seat 6: Olivera431 (small blind) folded before Flop
Seat 7: Gabrielfs13 (big blind) folded before Flop
Seat 8: 77 Maia folded before Flop



PokerStars Hand #257264294078: Tournament #3914634373, $4.90+$4.90+$1.20 USD Hold'em No Limit - Level XII (125/250) - 2025/08/08 15:18:13 BRT [2025/08/08 14:18:13 ET]
Table '3914634373 59' 8-max Seat #6 is the button
Seat 1: metotti999 (5605 in chips) 
Seat 2: sillypickle1 (7398 in chips) 
Seat 3: abato1146 (29845 in chips) 
Seat 4: seumadrugaking (20396 in chips) 
Seat 5: Mahoo14 (9148 in chips) 
Seat 6: Olivera431 (22199 in chips) 
Seat 7: Gabrielfs13 (4144 in chips) 
Seat 8: 77 Maia (11176 in chips) 
metotti999: posts the ante 36
sillypickle1: posts the ante 36
abato1146: posts the ante 36
seumadrugaking: posts the ante 36
Mahoo14: posts the ante 36
Olivera431: posts the ante 36
Gabrielfs13: posts the ante 36
77 Maia: posts the ante 36
Gabrielfs13: posts small blind 125
77 Maia: posts big blind 250
*** HOLE CARDS ***
Dealt to Gabrielfs13 [As 5h]
metotti999: folds 
sillypickle1: folds 
abato1146: raises 250 to 500
seumadrugaking: folds 
Mahoo14: raises 1000 to 1500
Olivera431: folds 
Gabrielfs13: folds 
77 Maia: folds 
abato1146: folds 
Uncalled bet (1000) returned to Mahoo14
Mahoo14 collected 1663 from pot
*** SUMMARY ***
Total pot 1663 | Rake 0 
Seat 1: metotti999 folded before Flop (didn't bet)
Seat 2: sillypickle1 folded before Flop (didn't bet)
Seat 3: abato1146 folded before Flop
Seat 4: seumadrugaking folded before Flop (didn't bet)
Seat 5: Mahoo14 collected (1663)
Seat 6: Olivera431 (button) folded before Flop (didn't bet)
Seat 7: Gabrielfs13 (small blind) folded before Flop
Seat 8: 77 Maia (big blind) folded before Flop



PokerStars Hand #257264303708: Tournament #3914634373, $4.90+$4.90+$1.20 USD Hold'em No Limit - Level XII (125/250) - 2025/08/08 15:19:00 BRT [2025/08/08 14:19:00 ET]
Table '3914634373 59' 8-max Seat #7 is the button
Seat 1: metotti999 (5569 in chips) 
Seat 2: sillypickle1 (7362 in chips) 
Seat 3: abato1146 (29309 in chips) 
Seat 4: seumadrugaking (20360 in chips) 
Seat 5: Mahoo14 (10275 in chips) 
Seat 6: Olivera431 (22163 in chips) 
Seat 7: Gabrielfs13 (3983 in chips) 
Seat 8: 77 Maia (10890 in chips) 
metotti999: posts the ante 36
sillypickle1: posts the ante 36
abato1146: posts the ante 36
seumadrugaking: posts the ante 36
Mahoo14: posts the ante 36
Olivera431: posts the ante 36
Gabrielfs13: posts the ante 36
77 Maia: posts the ante 36
77 Maia: posts small blind 125
metotti999: posts big blind 250
*** HOLE CARDS ***
Dealt to Gabrielfs13 [6h 2h]
sillypickle1: raises 250 to 500
abato1146: folds 
seumadrugaking: calls 500
Mahoo14: folds 
Olivera431: folds 
Gabrielfs13: folds 
77 Maia: folds 
metotti999: folds 
*** FLOP *** [Ad Jh 5s]
sillypickle1: bets 499
seumadrugaking: calls 499
*** TURN *** [Ad Jh 5s] [2s]
sillypickle1: bets 2113
seumadrugaking: calls 2113
*** RIVER *** [Ad Jh 5s 2s] [3d]
sillypickle1: checks 
seumadrugaking: bets 8953
sillypickle1: calls 4214 and is all-in
Uncalled bet (4739) returned to seumadrugaking
*** SHOW DOWN ***
seumadrugaking: shows [As Qs] (a pair of Aces)
sillypickle1: shows [7h Ah] (a pair of Aces - lower kicker)
seumadrugaking collected 15315 from pot
sillypickle1 finished the tournament in 1557th place
*** SUMMARY ***
Total pot 15315 | Rake 0 
Board [Ad Jh 5s 2s 3d]
Seat 1: metotti999 (big blind) folded before Flop
Seat 2: sillypickle1 showed [7h Ah] and lost with a pair of Aces
Seat 3: abato1146 folded before Flop (didn't bet)
Seat 4: seumadrugaking showed [As Qs] and won (15315) with a pair of Aces
Seat 5: Mahoo14 folded before Flop (didn't bet)
Seat 6: Olivera431 folded before Flop (didn't bet)
Seat 7: Gabrielfs13 (button) folded before Flop (didn't bet)
Seat 8: 77 Maia (small blind) folded before Flop



PokerStars Hand #257264316435: Tournament #3914634373, $4.90+$4.90+$1.20 USD Hold'em No Limit - Level XII (125/250) - 2025/08/08 15:20:01 BRT [2025/08/08 14:20:01 ET]
Table '3914634373 59' 8-max Seat #8 is the button
Seat 1: metotti999 (5283 in chips) 
Seat 3: abato1146 (29273 in chips) 
Seat 4: seumadrugaking (28313 in chips) 
Seat 5: Mahoo14 (10239 in chips) 
Seat 6: Olivera431 (22127 in chips) 
Seat 7: Gabrielfs13 (3947 in chips) 
Seat 8: 77 Maia (10729 in chips) 
metotti999: posts the ante 36
abato1146: posts the ante 36
seumadrugaking: posts the ante 36
Mahoo14: posts the ante 36
Olivera431: posts the ante 36
Gabrielfs13: posts the ante 36
77 Maia: posts the ante 36
metotti999: posts small blind 125
abato1146: posts big blind 250
*** HOLE CARDS ***
Dealt to Gabrielfs13 [3d Ad]
seumadrugaking: folds 
Mahoo14: folds 
Olivera431: folds 
Gabrielfs13: raises 250 to 500
77 Maia has timed out
77 Maia: folds 
77 Maia is sitting out
metotti999: folds 
77 Maia has returned
abato1146: calls 250
*** FLOP *** [7h 3h Tc]
abato1146: checks 
Gabrielfs13: bets 344
abato1146: folds 
Uncalled bet (344) returned to Gabrielfs13
Gabrielfs13 collected 1377 from pot
Gabrielfs13: doesn't show hand 
*** SUMMARY ***
Total pot 1377 | Rake 0 
Board [7h 3h Tc]
Seat 1: metotti999 (small blind) folded before Flop
Seat 3: abato1146 (big blind) folded on the Flop
Seat 4: seumadrugaking folded before Flop (didn't bet)
Seat 5: Mahoo14 folded before Flop (didn't bet)
Seat 6: Olivera431 folded before Flop (didn't bet)
Seat 7: Gabrielfs13 collected (1377)
Seat 8: 77 Maia (button) folded before Flop (didn't bet)



PokerStars Hand #257264328615: Tournament #3914634373, $4.90+$4.90+$1.20 USD Hold'em No Limit - Level XII (125/250) - 2025/08/08 15:21:00 BRT [2025/08/08 14:21:00 ET]
Table '3914634373 59' 8-max Seat #1 is the button
Seat 1: metotti999 (5122 in chips) 
Seat 2: matty_d129 (9062 in chips) out of hand (moved from another table into small blind)
Seat 3: abato1146 (28737 in chips) 
Seat 4: seumadrugaking (28277 in chips) 
Seat 5: Mahoo14 (10203 in chips) 
Seat 6: Olivera431 (22091 in chips) 
Seat 7: Gabrielfs13 (4788 in chips) 
Seat 8: 77 Maia (10693 in chips) 
matty_d129 will be allowed to play after the button
metotti999: posts the ante 36
abato1146: posts the ante 36
seumadrugaking: posts the ante 36
Mahoo14: posts the ante 36
Olivera431: posts the ante 36
Gabrielfs13: posts the ante 36
77 Maia: posts the ante 36
abato1146: posts small blind 125
seumadrugaking: posts big blind 250
*** HOLE CARDS ***
Dealt to Gabrielfs13 [Qs 2d]
Mahoo14: folds 
Olivera431: folds 
Gabrielfs13: folds 
77 Maia: folds 
metotti999: raises 250 to 500
abato1146: folds 
seumadrugaking: calls 250
*** FLOP *** [Tc Th 7h]
seumadrugaking: checks 
metotti999: bets 386
seumadrugaking: folds 
Uncalled bet (386) returned to metotti999
metotti999 collected 1377 from pot
metotti999: doesn't show hand 
*** SUMMARY ***
Total pot 1377 | Rake 0 
Board [Tc Th 7h]
Seat 1: metotti999 (button) collected (1377)
Seat 3: abato1146 (small blind) folded before Flop
Seat 4: seumadrugaking (big blind) folded on the Flop
Seat 5: Mahoo14 folded before Flop (didn't bet)
Seat 6: Olivera431 folded before Flop (didn't bet)
Seat 7: Gabrielfs13 folded before Flop (didn't bet)
Seat 8: 77 Maia folded before Flop (didn't bet)



PokerStars Hand #257264336718: Tournament #3914634373, $4.90+$4.90+$1.20 USD Hold'em No Limit - Level XIII (150/300) - 2025/08/08 15:21:40 BRT [2025/08/08 14:21:40 ET]
Table '3914634373 59' 8-max Seat #3 is the button
Seat 1: metotti999 (5963 in chips) 
Seat 2: matty_d129 (9062 in chips) 
Seat 3: abato1146 (28576 in chips) 
Seat 4: seumadrugaking (27741 in chips) 
Seat 5: Mahoo14 (10167 in chips) 
Seat 6: Olivera431 (22055 in chips) 
Seat 7: Gabrielfs13 (4752 in chips) 
Seat 8: 77 Maia (10657 in chips) 
metotti999: posts the ante 42
matty_d129: posts the ante 42
abato1146: posts the ante 42
seumadrugaking: posts the ante 42
Mahoo14: posts the ante 42
Olivera431: posts the ante 42
Gabrielfs13: posts the ante 42
77 Maia: posts the ante 42
seumadrugaking: posts small blind 150
Mahoo14: posts big blind 300
*** HOLE CARDS ***
Dealt to Gabrielfs13 [2s 7d]
Olivera431: raises 300 to 600
Gabrielfs13: folds 
77 Maia: folds 
metotti999: folds 
matty_d129: folds 
abato1146: folds 
seumadrugaking: calls 450
Mahoo14: folds 
*** FLOP *** [Td Qc 7c]
seumadrugaking: checks 
Olivera431: bets 600
seumadrugaking: raises 1200 to 1800
Olivera431: calls 1200
*** TURN *** [Td Qc 7c] [9h]
seumadrugaking: checks 
Olivera431: bets 2700
seumadrugaking: folds 
Uncalled bet (2700) returned to Olivera431
Olivera431 collected 5436 from pot
Olivera431: doesn't show hand 
*** SUMMARY ***
Total pot 5436 | Rake 0 
Board [Td Qc 7c 9h]
Seat 1: metotti999 folded before Flop (didn't bet)
Seat 2: matty_d129 folded before Flop (didn't bet)
Seat 3: abato1146 (button) folded before Flop (didn't bet)
Seat 4: seumadrugaking (small blind) folded on the Turn
Seat 5: Mahoo14 (big blind) folded before Flop
Seat 6: Olivera431 collected (5436)
Seat 7: Gabrielfs13 folded before Flop (didn't bet)
Seat 8: 77 Maia folded before Flop (didn't bet)



PokerStars Hand #257264354199: Tournament #3914634373, $4.90+$4.90+$1.20 USD Hold'em No Limit - Level XIII (150/300) - 2025/08/08 15:23:05 BRT [2025/08/08 14:23:05 ET]
Table '3914634373 59' 8-max Seat #4 is the button
Seat 1: metotti999 (5921 in chips) 
Seat 2: matty_d129 (9020 in chips) 
Seat 3: abato1146 (28534 in chips) 
Seat 4: seumadrugaking (25299 in chips) 
Seat 5: Mahoo14 (9825 in chips) 
Seat 6: Olivera431 (25049 in chips) 
Seat 7: Gabrielfs13 (4710 in chips) 
Seat 8: 77 Maia (10615 in chips) 
metotti999: posts the ante 42
matty_d129: posts the ante 42
abato1146: posts the ante 42
seumadrugaking: posts the ante 42
Mahoo14: posts the ante 42
Olivera431: posts the ante 42
Gabrielfs13: posts the ante 42
77 Maia: posts the ante 42
Mahoo14: posts small blind 150
Olivera431: posts big blind 300
*** HOLE CARDS ***
Dealt to Gabrielfs13 [6d As]
Gabrielfs13: folds 
77 Maia: raises 300 to 600
metotti999: folds 
matty_d129: folds 
abato1146: folds 
seumadrugaking: folds 
Mahoo14: folds 
Olivera431: calls 300
*** FLOP *** [3s Qs 8c]
Olivera431: checks 
77 Maia: bets 556
Olivera431: calls 556
*** TURN *** [3s Qs 8c] [9c]
Olivera431: checks 
77 Maia: checks 
*** RIVER *** [3s Qs 8c 9c] [6c]
Olivera431: bets 600
77 Maia: folds 
Uncalled bet (600) returned to Olivera431
Olivera431 collected 2798 from pot
Olivera431: doesn't show hand 
*** SUMMARY ***
Total pot 2798 | Rake 0 
Board [3s Qs 8c 9c 6c]
Seat 1: metotti999 folded before Flop (didn't bet)
Seat 2: matty_d129 folded before Flop (didn't bet)
Seat 3: abato1146 folded before Flop (didn't bet)
Seat 4: seumadrugaking (button) folded before Flop (didn't bet)
Seat 5: Mahoo14 (small blind) folded before Flop
Seat 6: Olivera431 (big blind) collected (2798)
Seat 7: Gabrielfs13 folded before Flop (didn't bet)
Seat 8: 77 Maia folded on the River



PokerStars Hand #257264372279: Tournament #3914634373, $4.90+$4.90+$1.20 USD Hold'em No Limit - Level XIII (150/300) - 2025/08/08 15:24:32 BRT [2025/08/08 14:24:32 ET]
Table '3914634373 59' 8-max Seat #5 is the button
Seat 1: metotti999 (5879 in chips) 
Seat 2: matty_d129 (8978 in chips) 
Seat 3: abato1146 (28492 in chips) 
Seat 4: seumadrugaking (25257 in chips) 
Seat 5: Mahoo14 (9633 in chips) 
Seat 6: Olivera431 (26649 in chips) 
Seat 7: Gabrielfs13 (4668 in chips) 
Seat 8: 77 Maia (9417 in chips) 
metotti999: posts the ante 42
matty_d129: posts the ante 42
abato1146: posts the ante 42
seumadrugaking: posts the ante 42
Mahoo14: posts the ante 42
Olivera431: posts the ante 42
Gabrielfs13: posts the ante 42
77 Maia: posts the ante 42
Olivera431: posts small blind 150
Gabrielfs13: posts big blind 300
*** HOLE CARDS ***
Dealt to Gabrielfs13 [Jh Td]
77 Maia: folds 
metotti999: folds 
matty_d129: folds 
abato1146: folds 
seumadrugaking: folds 
Mahoo14: folds 
Olivera431: raises 26307 to 26607 and is all-in
Gabrielfs13: folds 
Uncalled bet (26307) returned to Olivera431
Olivera431 collected 936 from pot
Olivera431: doesn't show hand 
*** SUMMARY ***
Total pot 936 | Rake 0 
Seat 1: metotti999 folded before Flop (didn't bet)
Seat 2: matty_d129 folded before Flop (didn't bet)
Seat 3: abato1146 folded before Flop (didn't bet)
Seat 4: seumadrugaking folded before Flop (didn't bet)
Seat 5: Mahoo14 (button) folded before Flop (didn't bet)
Seat 6: Olivera431 (small blind) collected (936)
Seat 7: Gabrielfs13 (big blind) folded before Flop
Seat 8: 77 Maia folded before Flop (didn't bet)



PokerStars Hand #257264378106: Tournament #3914634373, $4.90+$4.90+$1.20 USD Hold'em No Limit - Level XIII (150/300) - 2025/08/08 15:25:01 BRT [2025/08/08 14:25:01 ET]
Table '3914634373 59' 8-max Seat #6 is the button
Seat 1: metotti999 (5837 in chips) 
Seat 2: matty_d129 (8936 in chips) 
Seat 3: abato1146 (28450 in chips) 
Seat 4: seumadrugaking (25215 in chips) 
Seat 5: Mahoo14 (9591 in chips) 
Seat 6: Olivera431 (27243 in chips) 
Seat 7: Gabrielfs13 (4326 in chips) 
Seat 8: 77 Maia (9375 in chips) 
metotti999: posts the ante 42
matty_d129: posts the ante 42
abato1146: posts the ante 42
seumadrugaking: posts the ante 42
Mahoo14: posts the ante 42
Olivera431: posts the ante 42
Gabrielfs13: posts the ante 42
77 Maia: posts the ante 42
Gabrielfs13: posts small blind 150
77 Maia: posts big blind 300
*** HOLE CARDS ***
Dealt to Gabrielfs13 [2c 5d]
metotti999: folds 
matty_d129: raises 300 to 600
abato1146: folds 
seumadrugaking: folds 
Mahoo14: folds 
Olivera431: raises 900 to 1500
Gabrielfs13: folds 
77 Maia: folds 
matty_d129: calls 900
*** FLOP *** [9h 3c Kd]
matty_d129: checks 
Olivera431: bets 900
matty_d129: folds 
Uncalled bet (900) returned to Olivera431
Olivera431 collected 3786 from pot
Olivera431: doesn't show hand 
*** SUMMARY ***
Total pot 3786 | Rake 0 
Board [9h 3c Kd]
Seat 1: metotti999 folded before Flop (didn't bet)
Seat 2: matty_d129 folded on the Flop
Seat 3: abato1146 folded before Flop (didn't bet)
Seat 4: seumadrugaking folded before Flop (didn't bet)
Seat 5: Mahoo14 folded before Flop (didn't bet)
Seat 6: Olivera431 (button) collected (3786)
Seat 7: Gabrielfs13 (small blind) folded before Flop
Seat 8: 77 Maia (big blind) folded before Flop



PokerStars Hand #257264390002: Tournament #3914634373, $4.90+$4.90+$1.20 USD Hold'em No Limit - Level XIII (150/300) - 2025/08/08 15:25:58 BRT [2025/08/08 14:25:58 ET]
Table '3914634373 59' 8-max Seat #7 is the button
Seat 1: metotti999 (5795 in chips) 
Seat 2: matty_d129 (7394 in chips) 
Seat 3: abato1146 (28408 in chips) 
Seat 4: seumadrugaking (25173 in chips) 
Seat 5: Mahoo14 (9549 in chips) 
Seat 6: Olivera431 (29487 in chips) 
Seat 7: Gabrielfs13 (4134 in chips) 
Seat 8: 77 Maia (9033 in chips) 
metotti999: posts the ante 42
matty_d129: posts the ante 42
abato1146: posts the ante 42
seumadrugaking: posts the ante 42
Mahoo14: posts the ante 42
Olivera431: posts the ante 42
Gabrielfs13: posts the ante 42
77 Maia: posts the ante 42
77 Maia: posts small blind 150
metotti999: posts big blind 300
*** HOLE CARDS ***
Dealt to Gabrielfs13 [Jd Ah]
matty_d129: folds 
abato1146: folds 
seumadrugaking: raises 300 to 600
Mahoo14: folds 
Olivera431: raises 900 to 1500
Gabrielfs13: raises 2592 to 4092 and is all-in
77 Maia: folds 
metotti999: folds 
seumadrugaking: folds 
Olivera431: calls 2592
*** FLOP *** [6c 3c Kh]
*** TURN *** [6c 3c Kh] [8s]
*** RIVER *** [6c 3c Kh 8s] [4c]
*** SHOW DOWN ***
Olivera431: shows [Qd Qs] (a pair of Queens)
Gabrielfs13: shows [Jd Ah] (high card Ace)
Olivera431 collected 9570 from pot
Gabrielfs13 finished the tournament in 1369th place
*** SUMMARY ***
Total pot 9570 | Rake 0 
Board [6c 3c Kh 8s 4c]
Seat 1: metotti999 (big blind) folded before Flop
Seat 2: matty_d129 folded before Flop (didn't bet)
Seat 3: abato1146 folded before Flop (didn't bet)
Seat 4: seumadrugaking folded before Flop
Seat 5: Mahoo14 folded before Flop (didn't bet)
Seat 6: Olivera431 showed [Qd Qs] and won (9570) with a pair of Queens
Seat 7: Gabrielfs13 (button) showed [Jd Ah] and lost with high card Ace
Seat 8: 77 Maia (small blind) folded before Flop



