PokerStars Hand #257174369778: Tournament #3912518874, $4.90+$4.90+$1.20 USD Hold'em No Limit - Level II (30/60) - 2025/08/01 17:08:46 BRT [2025/08/01 16:08:46 ET]
Table '3912518874 82' 8-max Seat #7 is the button
Seat 1: pauljunior86 (8686 in chips) 
Seat 2: Minorgambler (10318 in chips) 
Seat 3: whynot77poker (9982 in chips) 
Seat 4: yriy3 (30370 in chips) 
Seat 5: Gabrielfs13 (10000 in chips) 
Seat 6: SECA_KING (9851 in chips) 
Seat 7: rozentuin43 (10143 in chips) 
Seat 8: Kari7721 (10000 in chips) out of hand (moved from another table into small blind)
Kari7721 will be allowed to play after the button
pauljunior86: posts the ante 8
Minorgambler: posts the ante 8
whynot77poker: posts the ante 8
yriy3: posts the ante 8
Gabrielfs13: posts the ante 8
SECA_KING: posts the ante 8
rozentuin43: posts the ante 8
pauljunior86: posts small blind 30
Minorgambler: posts big blind 60
*** HOLE CARDS ***
Dealt to Gabrielfs13 [6h 6c]
whynot77poker: folds 
yriy3: calls 60
Gabrielfs13: raises 60 to 120
SECA_KING: raises 390 to 510
rozentuin43: folds 
pauljunior86: calls 480
Minorgambler: calls 450
yriy3: calls 450
Gabrielfs13: calls 390
*** FLOP *** [Jc 9c 7h]
pauljunior86: checks 
Minorgambler: checks 
yriy3: checks 
Gabrielfs13: checks 
SECA_KING: checks 
*** TURN *** [Jc 9c 7h] [Th]
pauljunior86: checks 
Minorgambler: bets 1303
yriy3: calls 1303
Gabrielfs13: folds 
SECA_KING: folds 
pauljunior86: folds 
*** RIVER *** [Jc 9c 7h Th] [6d]
Minorgambler: bets 8497 and is all-in
yriy3: folds 
Uncalled bet (8497) returned to Minorgambler
Minorgambler collected 5212 from pot
Minorgambler: doesn't show hand 
*** SUMMARY ***
Total pot 5212 | Rake 0 
Board [Jc 9c 7h Th 6d]
Seat 1: pauljunior86 (small blind) folded on the Turn
Seat 2: Minorgambler (big blind) collected (5212)
Seat 3: whynot77poker folded before Flop (didn't bet)
Seat 4: yriy3 folded on the River
Seat 5: Gabrielfs13 folded on the Turn
Seat 6: SECA_KING folded on the Turn
Seat 7: rozentuin43 (button) folded before Flop (didn't bet)



PokerStars Hand #257174386892: Tournament #3912518874, $4.90+$4.90+$1.20 USD Hold'em No Limit - Level II (30/60) - 2025/08/01 17:10:00 BRT [2025/08/01 16:10:00 ET]
Table '3912518874 82' 8-max Seat #1 is the button
Seat 1: pauljunior86 (8168 in chips) 
Seat 2: Minorgambler (13709 in chips) 
Seat 3: whynot77poker (9974 in chips) 
Seat 4: yriy3 (28549 in chips) 
Seat 5: Gabrielfs13 (9482 in chips) 
Seat 6: SECA_KING (9333 in chips) 
Seat 7: rozentuin43 (10135 in chips) 
Seat 8: Kari7721 (10000 in chips) 
pauljunior86: posts the ante 8
Minorgambler: posts the ante 8
whynot77poker: posts the ante 8
yriy3: posts the ante 8
Gabrielfs13: posts the ante 8
SECA_KING: posts the ante 8
rozentuin43: posts the ante 8
Kari7721: posts the ante 8
Minorgambler: posts small blind 30
whynot77poker: posts big blind 60
*** HOLE CARDS ***
Dealt to Gabrielfs13 [6h Kh]
yriy3: calls 60
Gabrielfs13: folds 
SECA_KING: folds 
rozentuin43: folds 
Kari7721: folds 
pauljunior86: folds 
Minorgambler: folds 
whynot77poker: checks 
*** FLOP *** [Qh 7h 9d]
whynot77poker: checks 
yriy3: bets 214
whynot77poker: folds 
Uncalled bet (214) returned to yriy3
yriy3 collected 214 from pot
yriy3: doesn't show hand 
*** SUMMARY ***
Total pot 214 | Rake 0 
Board [Qh 7h 9d]
Seat 1: pauljunior86 (button) folded before Flop (didn't bet)
Seat 2: Minorgambler (small blind) folded before Flop
Seat 3: whynot77poker (big blind) folded on the Flop
Seat 4: yriy3 collected (214)
Seat 5: Gabrielfs13 folded before Flop (didn't bet)
Seat 6: SECA_KING folded before Flop (didn't bet)
Seat 7: rozentuin43 folded before Flop (didn't bet)
Seat 8: Kari7721 folded before Flop (didn't bet)



PokerStars Hand #257174394762: Tournament #3912518874, $4.90+$4.90+$1.20 USD Hold'em No Limit - Level II (30/60) - 2025/08/01 17:10:35 BRT [2025/08/01 16:10:35 ET]
Table '3912518874 82' 8-max Seat #2 is the button
Seat 1: pauljunior86 (8160 in chips) 
Seat 2: Minorgambler (13671 in chips) 
Seat 3: whynot77poker (9906 in chips) 
Seat 4: yriy3 (28695 in chips) 
Seat 5: Gabrielfs13 (9474 in chips) 
Seat 6: SECA_KING (9325 in chips) 
Seat 7: rozentuin43 (10127 in chips) 
Seat 8: Kari7721 (9992 in chips) 
pauljunior86: posts the ante 8
Minorgambler: posts the ante 8
whynot77poker: posts the ante 8
yriy3: posts the ante 8
Gabrielfs13: posts the ante 8
SECA_KING: posts the ante 8
rozentuin43: posts the ante 8
Kari7721: posts the ante 8
whynot77poker: posts small blind 30
yriy3: posts big blind 60
*** HOLE CARDS ***
Dealt to Gabrielfs13 [Th Ad]
Gabrielfs13: raises 60 to 120
SECA_KING: folds 
rozentuin43: folds 
Kari7721: folds 
pauljunior86: calls 120
Minorgambler: folds 
whynot77poker: calls 90
yriy3: calls 60
*** FLOP *** [9c 7c 2s]
whynot77poker: checks 
yriy3: checks 
Gabrielfs13: checks 
pauljunior86: checks 
*** TURN *** [9c 7c 2s] [Jd]
whynot77poker: bets 544
yriy3: calls 544
Gabrielfs13: folds 
pauljunior86: folds 
*** RIVER *** [9c 7c 2s Jd] [6h]
whynot77poker: bets 1632
yriy3: folds 
Uncalled bet (1632) returned to whynot77poker
whynot77poker collected 1632 from pot
whynot77poker: doesn't show hand 
*** SUMMARY ***
Total pot 1632 | Rake 0 
Board [9c 7c 2s Jd 6h]
Seat 1: pauljunior86 folded on the Turn
Seat 2: Minorgambler (button) folded before Flop (didn't bet)
Seat 3: whynot77poker (small blind) collected (1632)
Seat 4: yriy3 (big blind) folded on the River
Seat 5: Gabrielfs13 folded on the Turn
Seat 6: SECA_KING folded before Flop (didn't bet)
Seat 7: rozentuin43 folded before Flop (didn't bet)
Seat 8: Kari7721 folded before Flop (didn't bet)



PokerStars Hand #257174409253: Tournament #3912518874, $4.90+$4.90+$1.20 USD Hold'em No Limit - Level II (30/60) - 2025/08/01 17:11:38 BRT [2025/08/01 16:11:38 ET]
Table '3912518874 82' 8-max Seat #3 is the button
Seat 1: pauljunior86 (8032 in chips) 
Seat 2: Minorgambler (13663 in chips) 
Seat 3: whynot77poker (10866 in chips) 
Seat 4: yriy3 (28023 in chips) 
Seat 5: Gabrielfs13 (9346 in chips) 
Seat 6: SECA_KING (9317 in chips) 
Seat 7: rozentuin43 (10119 in chips) 
Seat 8: Kari7721 (9984 in chips) 
pauljunior86: posts the ante 8
Minorgambler: posts the ante 8
whynot77poker: posts the ante 8
yriy3: posts the ante 8
Gabrielfs13: posts the ante 8
SECA_KING: posts the ante 8
rozentuin43: posts the ante 8
Kari7721: posts the ante 8
yriy3: posts small blind 30
Gabrielfs13: posts big blind 60
*** HOLE CARDS ***
Dealt to Gabrielfs13 [9c Ac]
SECA_KING: folds 
rozentuin43: folds 
Kari7721: folds 
pauljunior86: calls 60
Minorgambler: folds 
whynot77poker: folds 
yriy3: calls 30
Gabrielfs13: raises 390 to 450
pauljunior86: calls 390
yriy3: calls 390
*** FLOP *** [Qs 3d 3h]
yriy3: checks 
Gabrielfs13: bets 467
pauljunior86: folds 
yriy3: folds 
Uncalled bet (467) returned to Gabrielfs13
Gabrielfs13 collected 1414 from pot
Gabrielfs13: doesn't show hand 
*** SUMMARY ***
Total pot 1414 | Rake 0 
Board [Qs 3d 3h]
Seat 1: pauljunior86 folded on the Flop
Seat 2: Minorgambler folded before Flop (didn't bet)
Seat 3: whynot77poker (button) folded before Flop (didn't bet)
Seat 4: yriy3 (small blind) folded on the Flop
Seat 5: Gabrielfs13 (big blind) collected (1414)
Seat 6: SECA_KING folded before Flop (didn't bet)
Seat 7: rozentuin43 folded before Flop (didn't bet)
Seat 8: Kari7721 folded before Flop (didn't bet)



PokerStars Hand #257174421958: Tournament #3912518874, $4.90+$4.90+$1.20 USD Hold'em No Limit - Level II (30/60) - 2025/08/01 17:12:33 BRT [2025/08/01 16:12:33 ET]
Table '3912518874 82' 8-max Seat #4 is the button
Seat 1: pauljunior86 (7574 in chips) 
Seat 2: Minorgambler (13655 in chips) 
Seat 3: whynot77poker (10858 in chips) 
Seat 4: yriy3 (27565 in chips) 
Seat 5: Gabrielfs13 (10302 in chips) 
Seat 6: SECA_KING (9309 in chips) 
Seat 7: rozentuin43 (10111 in chips) 
Seat 8: Kari7721 (9976 in chips) 
pauljunior86: posts the ante 8
Minorgambler: posts the ante 8
whynot77poker: posts the ante 8
yriy3: posts the ante 8
Gabrielfs13: posts the ante 8
SECA_KING: posts the ante 8
rozentuin43: posts the ante 8
Kari7721: posts the ante 8
Gabrielfs13: posts small blind 30
SECA_KING: posts big blind 60
*** HOLE CARDS ***
Dealt to Gabrielfs13 [Jh Kd]
rozentuin43: raises 60 to 120
Kari7721: folds 
pauljunior86: calls 120
Minorgambler: folds 
whynot77poker: folds 
yriy3: folds 
Gabrielfs13: calls 90
SECA_KING: calls 60
*** FLOP *** [6d 3h 2h]
Gabrielfs13: checks 
SECA_KING: checks 
rozentuin43: checks 
pauljunior86: checks 
*** TURN *** [6d 3h 2h] [8d]
Gabrielfs13: checks 
SECA_KING: checks 
rozentuin43: checks 
pauljunior86: checks 
*** RIVER *** [6d 3h 2h 8d] [5s]
Gabrielfs13: checks 
SECA_KING: checks 
rozentuin43: bets 60
pauljunior86: raises 332 to 392
Gabrielfs13: folds 
SECA_KING: folds 
rozentuin43: calls 332
*** SHOW DOWN ***
pauljunior86: shows [7d 9c] (a straight, Five to Nine)
rozentuin43: mucks hand 
pauljunior86 collected 1328 from pot
*** SUMMARY ***
Total pot 1328 | Rake 0 
Board [6d 3h 2h 8d 5s]
Seat 1: pauljunior86 showed [7d 9c] and won (1328) with a straight, Five to Nine
Seat 2: Minorgambler folded before Flop (didn't bet)
Seat 3: whynot77poker folded before Flop (didn't bet)
Seat 4: yriy3 (button) folded before Flop (didn't bet)
Seat 5: Gabrielfs13 (small blind) folded on the River
Seat 6: SECA_KING (big blind) folded on the River
Seat 7: rozentuin43 mucked [Kc 8c]
Seat 8: Kari7721 folded before Flop (didn't bet)



PokerStars Hand #257174441800: Tournament #3912518874, $4.90+$4.90+$1.20 USD Hold'em No Limit - Level II (30/60) - 2025/08/01 17:13:59 BRT [2025/08/01 16:13:59 ET]
Table '3912518874 82' 8-max Seat #5 is the button
Seat 1: pauljunior86 (8382 in chips) 
Seat 2: Minorgambler (13647 in chips) 
Seat 3: whynot77poker (10850 in chips) 
Seat 4: yriy3 (27557 in chips) 
Seat 5: Gabrielfs13 (10174 in chips) 
Seat 6: SECA_KING (9181 in chips) 
Seat 7: rozentuin43 (9591 in chips) 
Seat 8: Kari7721 (9968 in chips) 
pauljunior86: posts the ante 8
Minorgambler: posts the ante 8
whynot77poker: posts the ante 8
yriy3: posts the ante 8
Gabrielfs13: posts the ante 8
SECA_KING: posts the ante 8
rozentuin43: posts the ante 8
Kari7721: posts the ante 8
SECA_KING: posts small blind 30
rozentuin43: posts big blind 60
*** HOLE CARDS ***
Dealt to Gabrielfs13 [Qs Td]
Kari7721: folds 
pauljunior86: folds 
Minorgambler: folds 
whynot77poker: raises 214 to 274
yriy3: folds 
Gabrielfs13: folds 
SECA_KING: folds 
rozentuin43: folds 
Uncalled bet (214) returned to whynot77poker
whynot77poker collected 214 from pot
whynot77poker: doesn't show hand 
*** SUMMARY ***
Total pot 214 | Rake 0 
Seat 1: pauljunior86 folded before Flop (didn't bet)
Seat 2: Minorgambler folded before Flop (didn't bet)
Seat 3: whynot77poker collected (214)
Seat 4: yriy3 folded before Flop (didn't bet)
Seat 5: Gabrielfs13 (button) folded before Flop (didn't bet)
Seat 6: SECA_KING (small blind) folded before Flop
Seat 7: rozentuin43 (big blind) folded before Flop
Seat 8: Kari7721 folded before Flop (didn't bet)



PokerStars Hand #257174453089: Tournament #3912518874, $4.90+$4.90+$1.20 USD Hold'em No Limit - Level III (40/80) - 2025/08/01 17:14:47 BRT [2025/08/01 16:14:47 ET]
Table '3912518874 82' 8-max Seat #6 is the button
Seat 1: pauljunior86 (8374 in chips) 
Seat 2: Minorgambler (13639 in chips) 
Seat 3: whynot77poker (10996 in chips) 
Seat 4: yriy3 (27549 in chips) 
Seat 5: Gabrielfs13 (10166 in chips) 
Seat 6: SECA_KING (9143 in chips) 
Seat 7: rozentuin43 (9523 in chips) 
Seat 8: Kari7721 (9960 in chips) 
pauljunior86: posts the ante 10
Minorgambler: posts the ante 10
whynot77poker: posts the ante 10
yriy3: posts the ante 10
Gabrielfs13: posts the ante 10
SECA_KING: posts the ante 10
rozentuin43: posts the ante 10
Kari7721: posts the ante 10
rozentuin43: posts small blind 40
Kari7721: posts big blind 80
*** HOLE CARDS ***
Dealt to Gabrielfs13 [Qc 7c]
pauljunior86: folds 
Minorgambler: folds 
whynot77poker: folds 
yriy3: calls 80
Gabrielfs13: folds 
SECA_KING: folds 
rozentuin43: folds 
Kari7721: checks 
*** FLOP *** [5s Jh 5h]
Kari7721: checks 
yriy3: bets 240
Kari7721: folds 
Uncalled bet (240) returned to yriy3
yriy3 collected 280 from pot
yriy3: doesn't show hand 
*** SUMMARY ***
Total pot 280 | Rake 0 
Board [5s Jh 5h]
Seat 1: pauljunior86 folded before Flop (didn't bet)
Seat 2: Minorgambler folded before Flop (didn't bet)
Seat 3: whynot77poker folded before Flop (didn't bet)
Seat 4: yriy3 collected (280)
Seat 5: Gabrielfs13 folded before Flop (didn't bet)
Seat 6: SECA_KING (button) folded before Flop (didn't bet)
Seat 7: rozentuin43 (small blind) folded before Flop
Seat 8: Kari7721 (big blind) folded on the Flop



PokerStars Hand #257174460723: Tournament #3912518874, $4.90+$4.90+$1.20 USD Hold'em No Limit - Level III (40/80) - 2025/08/01 17:15:19 BRT [2025/08/01 16:15:19 ET]
Table '3912518874 82' 8-max Seat #7 is the button
Seat 1: pauljunior86 (8364 in chips) 
Seat 2: Minorgambler (13629 in chips) 
Seat 3: whynot77poker (10986 in chips) 
Seat 4: yriy3 (27739 in chips) 
Seat 5: Gabrielfs13 (10156 in chips) 
Seat 6: SECA_KING (9133 in chips) 
Seat 7: rozentuin43 (9473 in chips) 
Seat 8: Kari7721 (9870 in chips) 
pauljunior86: posts the ante 10
Minorgambler: posts the ante 10
whynot77poker: posts the ante 10
yriy3: posts the ante 10
Gabrielfs13: posts the ante 10
SECA_KING: posts the ante 10
rozentuin43: posts the ante 10
Kari7721: posts the ante 10
Kari7721: posts small blind 40
pauljunior86: posts big blind 80
*** HOLE CARDS ***
Dealt to Gabrielfs13 [8d Qh]
Minorgambler: folds 
whynot77poker: folds 
yriy3: folds 
Gabrielfs13: folds 
SECA_KING: folds 
rozentuin43: folds 
Kari7721: raises 204 to 284
pauljunior86: raises 808 to 1092
Kari7721: folds 
Uncalled bet (808) returned to pauljunior86
pauljunior86 collected 648 from pot
*** SUMMARY ***
Total pot 648 | Rake 0 
Seat 1: pauljunior86 (big blind) collected (648)
Seat 2: Minorgambler folded before Flop (didn't bet)
Seat 3: whynot77poker folded before Flop (didn't bet)
Seat 4: yriy3 folded before Flop (didn't bet)
Seat 5: Gabrielfs13 folded before Flop (didn't bet)
Seat 6: SECA_KING folded before Flop (didn't bet)
Seat 7: rozentuin43 (button) folded before Flop (didn't bet)
Seat 8: Kari7721 (small blind) folded before Flop



PokerStars Hand #257174469693: Tournament #3912518874, $4.90+$4.90+$1.20 USD Hold'em No Limit - Level III (40/80) - 2025/08/01 17:15:58 BRT [2025/08/01 16:15:58 ET]
Table '3912518874 82' 8-max Seat #8 is the button
Seat 1: pauljunior86 (8718 in chips) 
Seat 2: Minorgambler (13619 in chips) 
Seat 3: whynot77poker (10976 in chips) 
Seat 4: yriy3 (27729 in chips) 
Seat 5: Gabrielfs13 (10146 in chips) 
Seat 6: SECA_KING (9123 in chips) 
Seat 7: rozentuin43 (9463 in chips) 
Seat 8: Kari7721 (9576 in chips) 
pauljunior86: posts the ante 10
Minorgambler: posts the ante 10
whynot77poker: posts the ante 10
yriy3: posts the ante 10
Gabrielfs13: posts the ante 10
SECA_KING: posts the ante 10
rozentuin43: posts the ante 10
Kari7721: posts the ante 10
pauljunior86: posts small blind 40
Minorgambler: posts big blind 80
*** HOLE CARDS ***
Dealt to Gabrielfs13 [As Td]
whynot77poker: folds 
yriy3: calls 80
Gabrielfs13: raises 240 to 320
SECA_KING: folds 
rozentuin43: folds 
Kari7721: folds 
pauljunior86: calls 280
Minorgambler: folds 
yriy3: calls 240
*** FLOP *** [6c 4d 4h]
pauljunior86: checks 
yriy3: checks 
Gabrielfs13 has timed out
Gabrielfs13: checks 
*** TURN *** [6c 4d 4h] [Ks]
pauljunior86: checks 
yriy3 is disconnected 
yriy3 has timed out while disconnected
yriy3: checks 
Gabrielfs13: checks 
*** RIVER *** [6c 4d 4h Ks] [7s]
pauljunior86: checks 
yriy3: checks 
Gabrielfs13: checks 
*** SHOW DOWN ***
pauljunior86: shows [2h Js] (a pair of Fours)
yriy3: shows [Jd Qh] (a pair of Fours - King+Queen kicker)
Gabrielfs13: shows [As Td] (a pair of Fours - Ace kicker)
Gabrielfs13 collected 1120 from pot
*** SUMMARY ***
Total pot 1120 | Rake 0 
Board [6c 4d 4h Ks 7s]
Seat 1: pauljunior86 (small blind) showed [2h Js] and lost with a pair of Fours
Seat 2: Minorgambler (big blind) folded before Flop
Seat 3: whynot77poker folded before Flop (didn't bet)
Seat 4: yriy3 showed [Jd Qh] and lost with a pair of Fours
Seat 5: Gabrielfs13 showed [As Td] and won (1120) with a pair of Fours
Seat 6: SECA_KING folded before Flop (didn't bet)
Seat 7: rozentuin43 folded before Flop (didn't bet)
Seat 8: Kari7721 (button) folded before Flop (didn't bet)



PokerStars Hand #257174507033: Tournament #3912518874, $4.90+$4.90+$1.20 USD Hold'em No Limit - Level III (40/80) - 2025/08/01 17:18:40 BRT [2025/08/01 16:18:40 ET]
Table '3912518874 141' 8-max Seat #2 is the button
Seat 1: Winca_cipo (8372 in chips) 
Seat 2: NotLikeThisq (9998 in chips) 
Seat 3: Anderson RT2 (9648 in chips) 
Seat 4: 10secAlass (7754 in chips) 
Seat 5: Pinpete (11040 in chips) 
Seat 6: tsikolaou (12426 in chips) 
Seat 7: Gabrielfs13 (10936 in chips) 
Seat 8: mccol001 (10000 in chips) 
Winca_cipo: posts the ante 10
NotLikeThisq: posts the ante 10
Anderson RT2: posts the ante 10
10secAlass: posts the ante 10
Pinpete: posts the ante 10
tsikolaou: posts the ante 10
Gabrielfs13: posts the ante 10
mccol001: posts the ante 10
Anderson RT2: posts small blind 40
10secAlass: posts big blind 80
*** HOLE CARDS ***
Dealt to Gabrielfs13 [Tc 8s]
Pinpete: folds 
tsikolaou: folds 
Gabrielfs13: folds 
mccol001: folds 
Winca_cipo: folds 
NotLikeThisq: raises 80 to 160
Anderson RT2: folds 
10secAlass: calls 80
*** FLOP *** [Jc 2s Ah]
10secAlass: checks 
NotLikeThisq: bets 128
10secAlass: calls 128
*** TURN *** [Jc 2s Ah] [Th]
10secAlass: checks 
NotLikeThisq: bets 680
10secAlass: calls 680
*** RIVER *** [Jc 2s Ah Th] [9c]
10secAlass: checks 
NotLikeThisq: checks 
*** SHOW DOWN ***
10secAlass: shows [Ks Td] (a pair of Tens)
NotLikeThisq: shows [Ts Kd] (a pair of Tens)
10secAlass collected 1028 from pot
NotLikeThisq collected 1028 from pot
*** SUMMARY ***
Total pot 2056 | Rake 0 
Board [Jc 2s Ah Th 9c]
Seat 1: Winca_cipo folded before Flop (didn't bet)
Seat 2: NotLikeThisq (button) showed [Ts Kd] and won (1028) with a pair of Tens
Seat 3: Anderson RT2 (small blind) folded before Flop
Seat 4: 10secAlass (big blind) showed [Ks Td] and won (1028) with a pair of Tens
Seat 5: Pinpete folded before Flop (didn't bet)
Seat 6: tsikolaou folded before Flop (didn't bet)
Seat 7: Gabrielfs13 folded before Flop (didn't bet)
Seat 8: mccol001 folded before Flop (didn't bet)



PokerStars Hand #257174524454: Tournament #3912518874, $4.90+$4.90+$1.20 USD Hold'em No Limit - Level III (40/80) - 2025/08/01 17:19:56 BRT [2025/08/01 16:19:56 ET]
Table '3912518874 141' 8-max Seat #3 is the button
Seat 1: Winca_cipo (8362 in chips) 
Seat 2: NotLikeThisq (10048 in chips) 
Seat 3: Anderson RT2 (9598 in chips) 
Seat 4: 10secAlass (7804 in chips) 
Seat 5: Pinpete (11030 in chips) 
Seat 6: tsikolaou (12416 in chips) 
Seat 7: Gabrielfs13 (10926 in chips) 
Seat 8: mccol001 (9990 in chips) 
Winca_cipo: posts the ante 10
NotLikeThisq: posts the ante 10
Anderson RT2: posts the ante 10
10secAlass: posts the ante 10
Pinpete: posts the ante 10
tsikolaou: posts the ante 10
Gabrielfs13: posts the ante 10
mccol001: posts the ante 10
10secAlass: posts small blind 40
Pinpete: posts big blind 80
*** HOLE CARDS ***
Dealt to Gabrielfs13 [Ac 6s]
tsikolaou: folds 
Gabrielfs13: folds 
mccol001: folds 
Winca_cipo: folds 
NotLikeThisq: folds 
Anderson RT2: raises 88 to 168
10secAlass: folds 
Pinpete: calls 88
*** FLOP *** [Jd Js 3s]
Pinpete: checks 
Anderson RT2: checks 
*** TURN *** [Jd Js 3s] [Ad]
Pinpete: checks 
Anderson RT2: checks 
*** RIVER *** [Jd Js 3s Ad] [As]
Pinpete: checks 
Anderson RT2: checks 
*** SHOW DOWN ***
Pinpete: shows [4d 2c] (two pair, Aces and Jacks)
Anderson RT2: shows [Tc 9c] (two pair, Aces and Jacks - Ten kicker)
Anderson RT2 collected 456 from pot
*** SUMMARY ***
Total pot 456 | Rake 0 
Board [Jd Js 3s Ad As]
Seat 1: Winca_cipo folded before Flop (didn't bet)
Seat 2: NotLikeThisq folded before Flop (didn't bet)
Seat 3: Anderson RT2 (button) showed [Tc 9c] and won (456) with two pair, Aces and Jacks
Seat 4: 10secAlass (small blind) folded before Flop
Seat 5: Pinpete (big blind) showed [4d 2c] and lost with two pair, Aces and Jacks
Seat 6: tsikolaou folded before Flop (didn't bet)
Seat 7: Gabrielfs13 folded before Flop (didn't bet)
Seat 8: mccol001 folded before Flop (didn't bet)



PokerStars Hand #257174540263: Tournament #3912518874, $4.90+$4.90+$1.20 USD Hold'em No Limit - Level IV (50/100) - 2025/08/01 17:21:03 BRT [2025/08/01 16:21:03 ET]
Table '3912518874 141' 8-max Seat #4 is the button
Seat 1: Winca_cipo (8352 in chips) 
Seat 2: NotLikeThisq (10038 in chips) 
Seat 3: Anderson RT2 (9876 in chips) 
Seat 4: 10secAlass (7754 in chips) 
Seat 5: Pinpete (10852 in chips) 
Seat 6: tsikolaou (12406 in chips) 
Seat 7: Gabrielfs13 (10916 in chips) 
Seat 8: mccol001 (9980 in chips) 
Winca_cipo: posts the ante 12
NotLikeThisq: posts the ante 12
Anderson RT2: posts the ante 12
10secAlass: posts the ante 12
Pinpete: posts the ante 12
tsikolaou: posts the ante 12
Gabrielfs13: posts the ante 12
mccol001: posts the ante 12
Pinpete: posts small blind 50
tsikolaou: posts big blind 100
*** HOLE CARDS ***
Dealt to Gabrielfs13 [Ac 8d]
Gabrielfs13: raises 100 to 200
mccol001: calls 200
Winca_cipo: folds 
NotLikeThisq: folds 
Anderson RT2: folds 
10secAlass: raises 846 to 1046
Pinpete: folds 
tsikolaou: folds 
Gabrielfs13: folds 
mccol001: folds 
Uncalled bet (846) returned to 10secAlass
10secAlass collected 846 from pot
10secAlass: doesn't show hand 
*** SUMMARY ***
Total pot 846 | Rake 0 
Seat 1: Winca_cipo folded before Flop (didn't bet)
Seat 2: NotLikeThisq folded before Flop (didn't bet)
Seat 3: Anderson RT2 folded before Flop (didn't bet)
Seat 4: 10secAlass (button) collected (846)
Seat 5: Pinpete (small blind) folded before Flop
Seat 6: tsikolaou (big blind) folded before Flop
Seat 7: Gabrielfs13 folded before Flop
Seat 8: mccol001 folded before Flop



PokerStars Hand #257174557201: Tournament #3912518874, $4.90+$4.90+$1.20 USD Hold'em No Limit - Level IV (50/100) - 2025/08/01 17:22:14 BRT [2025/08/01 16:22:14 ET]
Table '3912518874 141' 8-max Seat #5 is the button
Seat 1: Winca_cipo (8340 in chips) 
Seat 2: NotLikeThisq (10026 in chips) 
Seat 3: Anderson RT2 (9864 in chips) 
Seat 4: 10secAlass (8388 in chips) 
Seat 5: Pinpete (10790 in chips) 
Seat 6: tsikolaou (12294 in chips) 
Seat 7: Gabrielfs13 (10704 in chips) 
Seat 8: mccol001 (9768 in chips) 
Winca_cipo: posts the ante 12
NotLikeThisq: posts the ante 12
Anderson RT2: posts the ante 12
10secAlass: posts the ante 12
Pinpete: posts the ante 12
tsikolaou: posts the ante 12
Gabrielfs13: posts the ante 12
mccol001: posts the ante 12
tsikolaou: posts small blind 50
Gabrielfs13: posts big blind 100
*** HOLE CARDS ***
Dealt to Gabrielfs13 [As 8d]
mccol001: folds 
Winca_cipo: folds 
NotLikeThisq: folds 
Anderson RT2: raises 100 to 200
10secAlass: folds 
Pinpete: raises 500 to 700
tsikolaou: folds 
Gabrielfs13 has timed out
Gabrielfs13: folds 
Gabrielfs13 is sitting out
Gabrielfs13 has returned
Anderson RT2: calls 500
*** FLOP *** [5h 8c 6h]
Anderson RT2: checks 
Pinpete: bets 1000
Anderson RT2: calls 1000
*** TURN *** [5h 8c 6h] [Qh]
Anderson RT2: checks 
Pinpete: bets 2023
Anderson RT2: calls 2023
*** RIVER *** [5h 8c 6h Qh] [7c]
Anderson RT2: checks 
Pinpete: checks 
*** SHOW DOWN ***
Anderson RT2: shows [Jh Th] (a flush, Queen high)
Pinpete: mucks hand 
Anderson RT2 collected 7692 from pot
*** SUMMARY ***
Total pot 7692 | Rake 0 
Board [5h 8c 6h Qh 7c]
Seat 1: Winca_cipo folded before Flop (didn't bet)
Seat 2: NotLikeThisq folded before Flop (didn't bet)
Seat 3: Anderson RT2 showed [Jh Th] and won (7692) with a flush, Queen high
Seat 4: 10secAlass folded before Flop (didn't bet)
Seat 5: Pinpete (button) mucked [Ks Kd]
Seat 6: tsikolaou (small blind) folded before Flop
Seat 7: Gabrielfs13 (big blind) folded before Flop
Seat 8: mccol001 folded before Flop (didn't bet)



PokerStars Hand #257174592735: Tournament #3912518874, $4.90+$4.90+$1.20 USD Hold'em No Limit - Level IV (50/100) - 2025/08/01 17:24:41 BRT [2025/08/01 16:24:41 ET]
Table '3912518874 141' 8-max Seat #6 is the button
Seat 1: Winca_cipo (8328 in chips) 
Seat 2: NotLikeThisq (10014 in chips) 
Seat 3: Anderson RT2 (13821 in chips) 
Seat 4: 10secAlass (8376 in chips) 
Seat 5: Pinpete (7055 in chips) 
Seat 6: tsikolaou (12232 in chips) 
Seat 7: Gabrielfs13 (10592 in chips) 
Seat 8: mccol001 (9756 in chips) 
Winca_cipo: posts the ante 12
NotLikeThisq: posts the ante 12
Anderson RT2: posts the ante 12
10secAlass: posts the ante 12
Pinpete: posts the ante 12
tsikolaou: posts the ante 12
Gabrielfs13: posts the ante 12
mccol001: posts the ante 12
Gabrielfs13: posts small blind 50
mccol001: posts big blind 100
*** HOLE CARDS ***
Dealt to Gabrielfs13 [2s Ks]
Winca_cipo: folds 
NotLikeThisq: folds 
Anderson RT2: raises 110 to 210
10secAlass: folds 
Pinpete: folds 
tsikolaou: calls 210
Gabrielfs13: calls 160
mccol001: folds 
*** FLOP *** [Js Ad 7c]
Gabrielfs13: checks 
Anderson RT2: bets 273
tsikolaou: folds 
Gabrielfs13: folds 
Uncalled bet (273) returned to Anderson RT2
Anderson RT2 collected 826 from pot
Anderson RT2: doesn't show hand 
*** SUMMARY ***
Total pot 826 | Rake 0 
Board [Js Ad 7c]
Seat 1: Winca_cipo folded before Flop (didn't bet)
Seat 2: NotLikeThisq folded before Flop (didn't bet)
Seat 3: Anderson RT2 collected (826)
Seat 4: 10secAlass folded before Flop (didn't bet)
Seat 5: Pinpete folded before Flop (didn't bet)
Seat 6: tsikolaou (button) folded on the Flop
Seat 7: Gabrielfs13 (small blind) folded on the Flop
Seat 8: mccol001 (big blind) folded before Flop



PokerStars Hand #257174615089: Tournament #3912518874, $4.90+$4.90+$1.20 USD Hold'em No Limit - Level V (60/120) - 2025/08/01 17:26:14 BRT [2025/08/01 16:26:14 ET]
Table '3912518874 141' 8-max Seat #7 is the button
Seat 1: Winca_cipo (8316 in chips) 
Seat 2: NotLikeThisq (10002 in chips) 
Seat 3: Anderson RT2 (14425 in chips) 
Seat 4: 10secAlass (8364 in chips) 
Seat 5: Pinpete (7043 in chips) 
Seat 6: tsikolaou (12010 in chips) 
Seat 7: Gabrielfs13 (10370 in chips) 
Seat 8: mccol001 (9644 in chips) 
Winca_cipo: posts the ante 16
NotLikeThisq: posts the ante 16
Anderson RT2: posts the ante 16
10secAlass: posts the ante 16
Pinpete: posts the ante 16
tsikolaou: posts the ante 16
Gabrielfs13: posts the ante 16
mccol001: posts the ante 16
mccol001: posts small blind 60
Winca_cipo: posts big blind 120
*** HOLE CARDS ***
Dealt to Gabrielfs13 [As Kd]
NotLikeThisq: folds 
Anderson RT2: folds 
10secAlass: folds 
Pinpete: folds 
tsikolaou: folds 
Gabrielfs13: raises 120 to 240
mccol001: folds 
Winca_cipo: folds 
Uncalled bet (120) returned to Gabrielfs13
Gabrielfs13 collected 428 from pot
Gabrielfs13: doesn't show hand 
*** SUMMARY ***
Total pot 428 | Rake 0 
Seat 1: Winca_cipo (big blind) folded before Flop
Seat 2: NotLikeThisq folded before Flop (didn't bet)
Seat 3: Anderson RT2 folded before Flop (didn't bet)
Seat 4: 10secAlass folded before Flop (didn't bet)
Seat 5: Pinpete folded before Flop (didn't bet)
Seat 6: tsikolaou folded before Flop (didn't bet)
Seat 7: Gabrielfs13 (button) collected (428)
Seat 8: mccol001 (small blind) folded before Flop



PokerStars Hand #257174627403: Tournament #3912518874, $4.90+$4.90+$1.20 USD Hold'em No Limit - Level V (60/120) - 2025/08/01 17:27:04 BRT [2025/08/01 16:27:04 ET]
Table '3912518874 141' 8-max Seat #8 is the button
Seat 1: Winca_cipo (8180 in chips) 
Seat 2: NotLikeThisq (9986 in chips) 
Seat 3: Anderson RT2 (14409 in chips) 
Seat 4: 10secAlass (8348 in chips) 
Seat 5: Pinpete (7027 in chips) 
Seat 6: tsikolaou (11994 in chips) 
Seat 7: Gabrielfs13 (10662 in chips) 
Seat 8: mccol001 (9568 in chips) 
Winca_cipo: posts the ante 16
NotLikeThisq: posts the ante 16
Anderson RT2: posts the ante 16
10secAlass: posts the ante 16
Pinpete: posts the ante 16
tsikolaou: posts the ante 16
Gabrielfs13: posts the ante 16
mccol001: posts the ante 16
Winca_cipo: posts small blind 60
NotLikeThisq: posts big blind 120
*** HOLE CARDS ***
Dealt to Gabrielfs13 [Js Kc]
Anderson RT2: folds 
10secAlass: raises 8212 to 8332 and is all-in
Pinpete: folds 
tsikolaou: folds 
Gabrielfs13: folds 
mccol001: folds 
Winca_cipo: folds 
NotLikeThisq: folds 
Uncalled bet (8212) returned to 10secAlass
10secAlass collected 428 from pot
10secAlass: doesn't show hand 
*** SUMMARY ***
Total pot 428 | Rake 0 
Seat 1: Winca_cipo (small blind) folded before Flop
Seat 2: NotLikeThisq (big blind) folded before Flop
Seat 3: Anderson RT2 folded before Flop (didn't bet)
Seat 4: 10secAlass collected (428)
Seat 5: Pinpete folded before Flop (didn't bet)
Seat 6: tsikolaou folded before Flop (didn't bet)
Seat 7: Gabrielfs13 folded before Flop (didn't bet)
Seat 8: mccol001 (button) folded before Flop (didn't bet)



PokerStars Hand #257174638138: Tournament #3912518874, $4.90+$4.90+$1.20 USD Hold'em No Limit - Level V (60/120) - 2025/08/01 17:27:49 BRT [2025/08/01 16:27:49 ET]
Table '3912518874 141' 8-max Seat #1 is the button
Seat 1: Winca_cipo (8104 in chips) 
Seat 2: NotLikeThisq (9850 in chips) 
Seat 3: Anderson RT2 (14393 in chips) 
Seat 4: 10secAlass (8640 in chips) 
Seat 5: Pinpete (7011 in chips) 
Seat 6: tsikolaou (11978 in chips) 
Seat 7: Gabrielfs13 (10646 in chips) 
Seat 8: mccol001 (9552 in chips) 
Winca_cipo: posts the ante 16
NotLikeThisq: posts the ante 16
Anderson RT2: posts the ante 16
10secAlass: posts the ante 16
Pinpete: posts the ante 16
tsikolaou: posts the ante 16
Gabrielfs13: posts the ante 16
mccol001: posts the ante 16
NotLikeThisq: posts small blind 60
Anderson RT2: posts big blind 120
*** HOLE CARDS ***
Dealt to Gabrielfs13 [8h Tc]
10secAlass: folds 
Pinpete: folds 
tsikolaou: folds 
Gabrielfs13: folds 
mccol001: folds 
Winca_cipo: folds 
NotLikeThisq: calls 60
Anderson RT2: checks 
*** FLOP *** [3c Ac 2d]
NotLikeThisq: bets 120
Anderson RT2: calls 120
*** TURN *** [3c Ac 2d] [As]
NotLikeThisq: checks 
Anderson RT2: checks 
*** RIVER *** [3c Ac 2d As] [Kc]
NotLikeThisq: checks 
Anderson RT2: checks 
*** SHOW DOWN ***
NotLikeThisq: shows [4h Jh] (a pair of Aces)
Anderson RT2: shows [3h 7d] (two pair, Aces and Threes)
Anderson RT2 collected 608 from pot
*** SUMMARY ***
Total pot 608 | Rake 0 
Board [3c Ac 2d As Kc]
Seat 1: Winca_cipo (button) folded before Flop (didn't bet)
Seat 2: NotLikeThisq (small blind) showed [4h Jh] and lost with a pair of Aces
Seat 3: Anderson RT2 (big blind) showed [3h 7d] and won (608) with two pair, Aces and Threes
Seat 4: 10secAlass folded before Flop (didn't bet)
Seat 5: Pinpete folded before Flop (didn't bet)
Seat 6: tsikolaou folded before Flop (didn't bet)
Seat 7: Gabrielfs13 folded before Flop (didn't bet)
Seat 8: mccol001 folded before Flop (didn't bet)



PokerStars Hand #257174665909: Tournament #3912518874, $4.90+$4.90+$1.20 USD Hold'em No Limit - Level V (60/120) - 2025/08/01 17:29:45 BRT [2025/08/01 16:29:45 ET]
Table '3912518874 141' 8-max Seat #2 is the button
Seat 1: Winca_cipo (8088 in chips) 
Seat 2: NotLikeThisq (9594 in chips) 
Seat 3: Anderson RT2 (14745 in chips) 
Seat 4: 10secAlass (8624 in chips) 
Seat 5: Pinpete (6995 in chips) 
Seat 6: tsikolaou (11962 in chips) 
Seat 7: Gabrielfs13 (10630 in chips) 
Seat 8: mccol001 (9536 in chips) 
Winca_cipo: posts the ante 16
NotLikeThisq: posts the ante 16
Anderson RT2: posts the ante 16
10secAlass: posts the ante 16
Pinpete: posts the ante 16
tsikolaou: posts the ante 16
Gabrielfs13: posts the ante 16
mccol001: posts the ante 16
Anderson RT2: posts small blind 60
10secAlass: posts big blind 120
*** HOLE CARDS ***
Dealt to Gabrielfs13 [Qd 4h]
Pinpete: folds 
tsikolaou: calls 120
Gabrielfs13: folds 
mccol001: folds 
Winca_cipo: folds 
NotLikeThisq: raises 300 to 420
Anderson RT2: calls 360
10secAlass: calls 300
tsikolaou: calls 300
*** FLOP *** [9h 4s 5c]
Anderson RT2: checks 
10secAlass: checks 
tsikolaou: checks 
NotLikeThisq: bets 420
Anderson RT2: folds 
10secAlass: folds 
tsikolaou: folds 
Uncalled bet (420) returned to NotLikeThisq
NotLikeThisq collected 1808 from pot
NotLikeThisq: doesn't show hand 
*** SUMMARY ***
Total pot 1808 | Rake 0 
Board [9h 4s 5c]
Seat 1: Winca_cipo folded before Flop (didn't bet)
Seat 2: NotLikeThisq (button) collected (1808)
Seat 3: Anderson RT2 (small blind) folded on the Flop
Seat 4: 10secAlass (big blind) folded on the Flop
Seat 5: Pinpete folded before Flop (didn't bet)
Seat 6: tsikolaou folded on the Flop
Seat 7: Gabrielfs13 folded before Flop (didn't bet)
Seat 8: mccol001 folded before Flop (didn't bet)



PokerStars Hand #257174703664: Tournament #3912518874, $4.90+$4.90+$1.20 USD Hold'em No Limit - Level VI (80/160) - 2025/08/01 17:32:19 BRT [2025/08/01 16:32:19 ET]
Table '3912518874 141' 8-max Seat #3 is the button
Seat 1: Winca_cipo (8072 in chips) 
Seat 2: NotLikeThisq (10966 in chips) 
Seat 3: Anderson RT2 (14309 in chips) 
Seat 4: 10secAlass (8188 in chips) 
Seat 5: Pinpete (6979 in chips) 
Seat 6: tsikolaou (11526 in chips) 
Seat 7: Gabrielfs13 (10614 in chips) 
Seat 8: mccol001 (9520 in chips) 
Winca_cipo: posts the ante 20
NotLikeThisq: posts the ante 20
Anderson RT2: posts the ante 20
10secAlass: posts the ante 20
Pinpete: posts the ante 20
tsikolaou: posts the ante 20
Gabrielfs13: posts the ante 20
mccol001: posts the ante 20
10secAlass: posts small blind 80
Pinpete: posts big blind 160
*** HOLE CARDS ***
Dealt to Gabrielfs13 [Tc 9d]
tsikolaou: folds 
Gabrielfs13: folds 
mccol001: folds 
Winca_cipo: folds 
NotLikeThisq: folds 
Anderson RT2: folds 
10secAlass: calls 80
Pinpete: checks 
*** FLOP *** [Jd 4h 8c]
10secAlass: checks 
Pinpete: bets 160
10secAlass: folds 
Uncalled bet (160) returned to Pinpete
Pinpete collected 480 from pot
Pinpete: doesn't show hand 
*** SUMMARY ***
Total pot 480 | Rake 0 
Board [Jd 4h 8c]
Seat 1: Winca_cipo folded before Flop (didn't bet)
Seat 2: NotLikeThisq folded before Flop (didn't bet)
Seat 3: Anderson RT2 (button) folded before Flop (didn't bet)
Seat 4: 10secAlass (small blind) folded on the Flop
Seat 5: Pinpete (big blind) collected (480)
Seat 6: tsikolaou folded before Flop (didn't bet)
Seat 7: Gabrielfs13 folded before Flop (didn't bet)
Seat 8: mccol001 folded before Flop (didn't bet)



PokerStars Hand #257174713805: Tournament #3912518874, $4.90+$4.90+$1.20 USD Hold'em No Limit - Level VI (80/160) - 2025/08/01 17:33:01 BRT [2025/08/01 16:33:01 ET]
Table '3912518874 141' 8-max Seat #4 is the button
Seat 1: Winca_cipo (8052 in chips) 
Seat 2: NotLikeThisq (10946 in chips) 
Seat 3: Anderson RT2 (14289 in chips) 
Seat 4: 10secAlass (8008 in chips) 
Seat 5: Pinpete (7279 in chips) 
Seat 6: tsikolaou (11506 in chips) 
Seat 7: Gabrielfs13 (10594 in chips) 
Seat 8: mccol001 (9500 in chips) 
Winca_cipo: posts the ante 20
NotLikeThisq: posts the ante 20
Anderson RT2: posts the ante 20
10secAlass: posts the ante 20
Pinpete: posts the ante 20
tsikolaou: posts the ante 20
Gabrielfs13: posts the ante 20
mccol001: posts the ante 20
Pinpete: posts small blind 80
tsikolaou: posts big blind 160
*** HOLE CARDS ***
Dealt to Gabrielfs13 [5c Ks]
Gabrielfs13: folds 
mccol001: folds 
Winca_cipo: folds 
NotLikeThisq: raises 192 to 352
Anderson RT2: folds 
10secAlass: folds 
Pinpete: folds 
tsikolaou: calls 192
*** FLOP *** [4c Kc 6d]
tsikolaou: checks 
NotLikeThisq: bets 274
tsikolaou: calls 274
*** TURN *** [4c Kc 6d] [7s]
tsikolaou: checks 
NotLikeThisq: bets 1040
tsikolaou: calls 1040
*** RIVER *** [4c Kc 6d 7s] [Ts]
tsikolaou: checks 
NotLikeThisq: bets 1840
tsikolaou: folds 
Uncalled bet (1840) returned to NotLikeThisq
NotLikeThisq collected 3572 from pot
NotLikeThisq: doesn't show hand 
*** SUMMARY ***
Total pot 3572 | Rake 0 
Board [4c Kc 6d 7s Ts]
Seat 1: Winca_cipo folded before Flop (didn't bet)
Seat 2: NotLikeThisq collected (3572)
Seat 3: Anderson RT2 folded before Flop (didn't bet)
Seat 4: 10secAlass (button) folded before Flop (didn't bet)
Seat 5: Pinpete (small blind) folded before Flop
Seat 6: tsikolaou (big blind) folded on the River
Seat 7: Gabrielfs13 folded before Flop (didn't bet)
Seat 8: mccol001 folded before Flop (didn't bet)



PokerStars Hand #257174753367: Tournament #3912518874, $4.90+$4.90+$1.20 USD Hold'em No Limit - Level VI (80/160) - 2025/08/01 17:35:44 BRT [2025/08/01 16:35:44 ET]
Table '3912518874 141' 8-max Seat #5 is the button
Seat 1: Winca_cipo (8032 in chips) 
Seat 2: NotLikeThisq (12832 in chips) 
Seat 3: Anderson RT2 (14269 in chips) 
Seat 4: 10secAlass (7988 in chips) 
Seat 5: Pinpete (7179 in chips) 
Seat 6: tsikolaou (9820 in chips) 
Seat 7: Gabrielfs13 (10574 in chips) 
Seat 8: mccol001 (9480 in chips) 
Winca_cipo: posts the ante 20
NotLikeThisq: posts the ante 20
Anderson RT2: posts the ante 20
10secAlass: posts the ante 20
Pinpete: posts the ante 20
tsikolaou: posts the ante 20
Gabrielfs13: posts the ante 20
mccol001: posts the ante 20
tsikolaou: posts small blind 80
Gabrielfs13: posts big blind 160
*** HOLE CARDS ***
Dealt to Gabrielfs13 [7h 7s]
mccol001: folds 
Winca_cipo: raises 160 to 320
NotLikeThisq: folds 
Anderson RT2: folds 
10secAlass: raises 160 to 480
Pinpete: folds 
tsikolaou: folds 
Gabrielfs13: calls 320
Winca_cipo: calls 160
*** FLOP *** [6h 7d 2h]
Gabrielfs13: checks 
Winca_cipo: checks 
10secAlass: checks 
*** TURN *** [6h 7d 2h] [Th]
Gabrielfs13: bets 1280
Winca_cipo: folds 
10secAlass: raises 6208 to 7488 and is all-in
Gabrielfs13: calls 6208
*** RIVER *** [6h 7d 2h Th] [9d]
*** SHOW DOWN ***
Gabrielfs13: shows [7h 7s] (three of a kind, Sevens)
10secAlass: shows [Qh Jh] (a flush, Queen high)
10secAlass collected 16656 from pot
*** SUMMARY ***
Total pot 16656 | Rake 0 
Board [6h 7d 2h Th 9d]
Seat 1: Winca_cipo folded on the Turn
Seat 2: NotLikeThisq folded before Flop (didn't bet)
Seat 3: Anderson RT2 folded before Flop (didn't bet)
Seat 4: 10secAlass showed [Qh Jh] and won (16656) with a flush, Queen high
Seat 5: Pinpete (button) folded before Flop (didn't bet)
Seat 6: tsikolaou (small blind) folded before Flop
Seat 7: Gabrielfs13 (big blind) showed [7h 7s] and lost with three of a kind, Sevens
Seat 8: mccol001 folded before Flop (didn't bet)



PokerStars Hand #257174770698: Tournament #3912518874, $4.90+$4.90+$1.20 USD Hold'em No Limit - Level VI (80/160) - 2025/08/01 17:36:56 BRT [2025/08/01 16:36:56 ET]
Table '3912518874 141' 8-max Seat #6 is the button
Seat 1: Winca_cipo (7532 in chips) 
Seat 2: NotLikeThisq (12812 in chips) 
Seat 3: Anderson RT2 (14249 in chips) 
Seat 4: 10secAlass (16656 in chips) 
Seat 5: Pinpete (7159 in chips) 
Seat 6: tsikolaou (9720 in chips) 
Seat 7: Gabrielfs13 (2586 in chips) 
Seat 8: mccol001 (9460 in chips) 
Winca_cipo: posts the ante 20
NotLikeThisq: posts the ante 20
Anderson RT2: posts the ante 20
10secAlass: posts the ante 20
Pinpete: posts the ante 20
tsikolaou: posts the ante 20
Gabrielfs13: posts the ante 20
mccol001: posts the ante 20
Gabrielfs13: posts small blind 80
mccol001: posts big blind 160
*** HOLE CARDS ***
Dealt to Gabrielfs13 [3c 4d]
Winca_cipo: folds 
NotLikeThisq: raises 160 to 320
Anderson RT2: folds 
10secAlass: calls 320
Pinpete: folds 
tsikolaou: folds 
Gabrielfs13: folds 
mccol001: folds 
*** FLOP *** [3h 9c 7c]
NotLikeThisq: checks 
10secAlass: checks 
*** TURN *** [3h 9c 7c] [8h]
NotLikeThisq: bets 437
10secAlass: folds 
Uncalled bet (437) returned to NotLikeThisq
NotLikeThisq collected 1040 from pot
NotLikeThisq: doesn't show hand 
*** SUMMARY ***
Total pot 1040 | Rake 0 
Board [3h 9c 7c 8h]
Seat 1: Winca_cipo folded before Flop (didn't bet)
Seat 2: NotLikeThisq collected (1040)
Seat 3: Anderson RT2 folded before Flop (didn't bet)
Seat 4: 10secAlass folded on the Turn
Seat 5: Pinpete folded before Flop (didn't bet)
Seat 6: tsikolaou (button) folded before Flop (didn't bet)
Seat 7: Gabrielfs13 (small blind) folded before Flop
Seat 8: mccol001 (big blind) folded before Flop



PokerStars Hand #257174784634: Tournament #3912518874, $4.90+$4.90+$1.20 USD Hold'em No Limit - Level VI (80/160) - 2025/08/01 17:37:53 BRT [2025/08/01 16:37:53 ET]
Table '3912518874 141' 8-max Seat #7 is the button
Seat 1: Winca_cipo (7512 in chips) 
Seat 2: NotLikeThisq (13512 in chips) 
Seat 3: Anderson RT2 (14229 in chips) 
Seat 4: 10secAlass (16316 in chips) 
Seat 5: Pinpete (7139 in chips) 
Seat 6: tsikolaou (9700 in chips) 
Seat 7: Gabrielfs13 (2486 in chips) 
Seat 8: mccol001 (9280 in chips) 
Winca_cipo: posts the ante 20
NotLikeThisq: posts the ante 20
Anderson RT2: posts the ante 20
10secAlass: posts the ante 20
Pinpete: posts the ante 20
tsikolaou: posts the ante 20
Gabrielfs13: posts the ante 20
mccol001: posts the ante 20
mccol001: posts small blind 80
Winca_cipo: posts big blind 160
*** HOLE CARDS ***
Dealt to Gabrielfs13 [7h 3s]
NotLikeThisq: folds 
Anderson RT2: folds 
10secAlass: folds 
Pinpete: folds 
tsikolaou: calls 160
Gabrielfs13: folds 
mccol001: folds 
Winca_cipo: checks 
*** FLOP *** [Qd 5c 9c]
Winca_cipo: checks 
tsikolaou: checks 
*** TURN *** [Qd 5c 9c] [Ah]
Winca_cipo: checks 
tsikolaou: checks 
*** RIVER *** [Qd 5c 9c Ah] [7c]
Winca_cipo: checks 
tsikolaou has timed out
tsikolaou: checks 
*** SHOW DOWN ***
Winca_cipo: shows [Jd Qs] (a pair of Queens)
tsikolaou: shows [5d 9d] (two pair, Nines and Fives)
tsikolaou collected 560 from pot
*** SUMMARY ***
Total pot 560 | Rake 0 
Board [Qd 5c 9c Ah 7c]
Seat 1: Winca_cipo (big blind) showed [Jd Qs] and lost with a pair of Queens
Seat 2: NotLikeThisq folded before Flop (didn't bet)
Seat 3: Anderson RT2 folded before Flop (didn't bet)
Seat 4: 10secAlass folded before Flop (didn't bet)
Seat 5: Pinpete folded before Flop (didn't bet)
Seat 6: tsikolaou showed [5d 9d] and won (560) with two pair, Nines and Fives
Seat 7: Gabrielfs13 (button) folded before Flop (didn't bet)
Seat 8: mccol001 (small blind) folded before Flop



PokerStars Hand #257174809651: Tournament #3912518874, $4.90+$4.90+$1.20 USD Hold'em No Limit - Level VII (100/200) - 2025/08/01 17:39:37 BRT [2025/08/01 16:39:37 ET]
Table '3912518874 141' 8-max Seat #8 is the button
Seat 1: Winca_cipo (7332 in chips) 
Seat 2: NotLikeThisq (13492 in chips) 
Seat 3: Anderson RT2 (14209 in chips) 
Seat 4: 10secAlass (16296 in chips) 
Seat 5: Pinpete (7119 in chips) 
Seat 6: tsikolaou (10080 in chips) 
Seat 7: Gabrielfs13 (2466 in chips) 
Seat 8: mccol001 (9180 in chips) 
Winca_cipo: posts the ante 25
NotLikeThisq: posts the ante 25
Anderson RT2: posts the ante 25
10secAlass: posts the ante 25
Pinpete: posts the ante 25
tsikolaou: posts the ante 25
Gabrielfs13: posts the ante 25
mccol001: posts the ante 25
Winca_cipo: posts small blind 100
NotLikeThisq: posts big blind 200
*** HOLE CARDS ***
Dealt to Gabrielfs13 [Ts 4d]
Anderson RT2: raises 200 to 400
10secAlass: folds 
Pinpete: folds 
tsikolaou: folds 
Gabrielfs13: folds 
mccol001: folds 
Winca_cipo: folds 
NotLikeThisq: calls 200
*** FLOP *** [2s 2d 9s]
NotLikeThisq: checks 
Anderson RT2: bets 363
NotLikeThisq: folds 
Uncalled bet (363) returned to Anderson RT2
Anderson RT2 collected 1100 from pot
Anderson RT2: doesn't show hand 
*** SUMMARY ***
Total pot 1100 | Rake 0 
Board [2s 2d 9s]
Seat 1: Winca_cipo (small blind) folded before Flop
Seat 2: NotLikeThisq (big blind) folded on the Flop
Seat 3: Anderson RT2 collected (1100)
Seat 4: 10secAlass folded before Flop (didn't bet)
Seat 5: Pinpete folded before Flop (didn't bet)
Seat 6: tsikolaou folded before Flop (didn't bet)
Seat 7: Gabrielfs13 folded before Flop (didn't bet)
Seat 8: mccol001 (button) folded before Flop (didn't bet)



PokerStars Hand #257174823674: Tournament #3912518874, $4.90+$4.90+$1.20 USD Hold'em No Limit - Level VII (100/200) - 2025/08/01 17:40:34 BRT [2025/08/01 16:40:34 ET]
Table '3912518874 141' 8-max Seat #1 is the button
Seat 1: Winca_cipo (7207 in chips) 
Seat 2: NotLikeThisq (13067 in chips) 
Seat 3: Anderson RT2 (14884 in chips) 
Seat 4: 10secAlass (16271 in chips) 
Seat 5: Pinpete (7094 in chips) 
Seat 6: tsikolaou (10055 in chips) 
Seat 7: Gabrielfs13 (2441 in chips) 
Seat 8: mccol001 (9155 in chips) 
Winca_cipo: posts the ante 25
NotLikeThisq: posts the ante 25
Anderson RT2: posts the ante 25
10secAlass: posts the ante 25
Pinpete: posts the ante 25
tsikolaou: posts the ante 25
Gabrielfs13: posts the ante 25
mccol001: posts the ante 25
NotLikeThisq: posts small blind 100
Anderson RT2: posts big blind 200
*** HOLE CARDS ***
Dealt to Gabrielfs13 [5d Qh]
10secAlass: folds 
Pinpete: raises 260 to 460
tsikolaou has timed out
tsikolaou: folds 
tsikolaou is sitting out
Gabrielfs13: folds 
mccol001: folds 
Winca_cipo: folds 
NotLikeThisq: folds 
Anderson RT2: calls 260
*** FLOP *** [3s 8s 4h]
Anderson RT2: checks 
Pinpete: checks 
*** TURN *** [3s 8s 4h] [8d]
Anderson RT2: checks 
Pinpete: bets 403
Anderson RT2: calls 403
*** RIVER *** [3s 8s 4h 8d] [3d]
Anderson RT2: checks 
Pinpete: checks 
*** SHOW DOWN ***
Anderson RT2: shows [9d Ah] (two pair, Eights and Threes)
Pinpete: mucks hand 
Anderson RT2 collected 2026 from pot
*** SUMMARY ***
Total pot 2026 | Rake 0 
Board [3s 8s 4h 8d 3d]
Seat 1: Winca_cipo (button) folded before Flop (didn't bet)
Seat 2: NotLikeThisq (small blind) folded before Flop
Seat 3: Anderson RT2 (big blind) showed [9d Ah] and won (2026) with two pair, Eights and Threes
Seat 4: 10secAlass folded before Flop (didn't bet)
Seat 5: Pinpete mucked [Qc Ts]
Seat 6: tsikolaou folded before Flop (didn't bet)
Seat 7: Gabrielfs13 folded before Flop (didn't bet)
Seat 8: mccol001 folded before Flop (didn't bet)



PokerStars Hand #257174844862: Tournament #3912518874, $4.90+$4.90+$1.20 USD Hold'em No Limit - Level VII (100/200) - 2025/08/01 17:42:01 BRT [2025/08/01 16:42:01 ET]
Table '3912518874 141' 8-max Seat #2 is the button
Seat 1: Winca_cipo (7182 in chips) 
Seat 2: NotLikeThisq (12942 in chips) 
Seat 3: Anderson RT2 (16022 in chips) 
Seat 4: 10secAlass (16246 in chips) 
Seat 5: Pinpete (6206 in chips) 
Seat 6: tsikolaou (10030 in chips) is sitting out
Seat 7: Gabrielfs13 (2416 in chips) 
Seat 8: mccol001 (9130 in chips) 
Winca_cipo: posts the ante 25
NotLikeThisq: posts the ante 25
Anderson RT2: posts the ante 25
10secAlass: posts the ante 25
Pinpete: posts the ante 25
tsikolaou: posts the ante 25
Gabrielfs13: posts the ante 25
mccol001: posts the ante 25
Anderson RT2: posts small blind 100
10secAlass: posts big blind 200
*** HOLE CARDS ***
Dealt to Gabrielfs13 [8c 5c]
Pinpete: folds 
tsikolaou: folds 
Gabrielfs13: folds 
mccol001: raises 200 to 400
Winca_cipo: raises 800 to 1200
NotLikeThisq: folds 
Anderson RT2: folds 
10secAlass: folds 
mccol001: calls 800
*** FLOP *** [2d Ah 8s]
mccol001: checks 
Winca_cipo: bets 800
mccol001: calls 800
*** TURN *** [2d Ah 8s] [Jh]
mccol001: checks 
Winca_cipo: checks 
*** RIVER *** [2d Ah 8s Jh] [3h]
mccol001: checks 
Winca_cipo: checks 
*** SHOW DOWN ***
mccol001: shows [As 4s] (a pair of Aces)
Winca_cipo: mucks hand 
mccol001 collected 4500 from pot
*** SUMMARY ***
Total pot 4500 | Rake 0 
Board [2d Ah 8s Jh 3h]
Seat 1: Winca_cipo mucked [Kd Jd]
Seat 2: NotLikeThisq (button) folded before Flop (didn't bet)
Seat 3: Anderson RT2 (small blind) folded before Flop
Seat 4: 10secAlass (big blind) folded before Flop
Seat 5: Pinpete folded before Flop (didn't bet)
Seat 6: tsikolaou folded before Flop (didn't bet)
Seat 7: Gabrielfs13 folded before Flop (didn't bet)
Seat 8: mccol001 showed [As 4s] and won (4500) with a pair of Aces



PokerStars Hand #257174862783: Tournament #3912518874, $4.90+$4.90+$1.20 USD Hold'em No Limit - Level VII (100/200) - 2025/08/01 17:43:16 BRT [2025/08/01 16:43:16 ET]
Table '3912518874 141' 8-max Seat #4 is the button
Seat 1: Winca_cipo (5157 in chips) 
Seat 2: NotLikeThisq (12917 in chips) 
Seat 4: 10secAlass (16021 in chips) 
Seat 5: Pinpete (6181 in chips) 
Seat 6: tsikolaou (10005 in chips) is sitting out
Seat 7: Gabrielfs13 (2391 in chips) 
Seat 8: mccol001 (11605 in chips) 
Winca_cipo: posts the ante 25
NotLikeThisq: posts the ante 25
10secAlass: posts the ante 25
Pinpete: posts the ante 25
tsikolaou: posts the ante 25
Gabrielfs13: posts the ante 25
mccol001: posts the ante 25
Pinpete: posts small blind 100
tsikolaou: posts big blind 200
*** HOLE CARDS ***
Dealt to Gabrielfs13 [Qs 6s]
Gabrielfs13: folds 
mccol001: raises 200 to 400
Winca_cipo: folds 
NotLikeThisq: folds 
10secAlass: folds 
Pinpete: folds 
tsikolaou: folds 
Uncalled bet (200) returned to mccol001
mccol001 collected 675 from pot
mccol001: doesn't show hand 
*** SUMMARY ***
Total pot 675 | Rake 0 
Seat 1: Winca_cipo folded before Flop (didn't bet)
Seat 2: NotLikeThisq folded before Flop (didn't bet)
Seat 4: 10secAlass (button) folded before Flop (didn't bet)
Seat 5: Pinpete (small blind) folded before Flop
Seat 6: tsikolaou (big blind) folded before Flop
Seat 7: Gabrielfs13 folded before Flop (didn't bet)
Seat 8: mccol001 collected (675)



PokerStars Hand #257174867750: Tournament #3912518874, $4.90+$4.90+$1.20 USD Hold'em No Limit - Level VII (100/200) - 2025/08/01 17:43:36 BRT [2025/08/01 16:43:36 ET]
Table '3912518874 141' 8-max Seat #5 is the button
Seat 1: Winca_cipo (5132 in chips) 
Seat 2: NotLikeThisq (12892 in chips) 
Seat 3: domilid (10000 in chips) 
Seat 4: 10secAlass (15996 in chips) 
Seat 5: Pinpete (6056 in chips) 
Seat 6: tsikolaou (9780 in chips) is sitting out
Seat 7: Gabrielfs13 (2366 in chips) 
Seat 8: mccol001 (12055 in chips) 
Winca_cipo: posts the ante 25
NotLikeThisq: posts the ante 25
domilid: posts the ante 25
10secAlass: posts the ante 25
Pinpete: posts the ante 25
tsikolaou: posts the ante 25
Gabrielfs13: posts the ante 25
mccol001: posts the ante 25
tsikolaou: posts small blind 100
Gabrielfs13: posts big blind 200
*** HOLE CARDS ***
Dealt to Gabrielfs13 [Ts 5c]
mccol001: folds 
Winca_cipo: raises 200 to 400
NotLikeThisq: folds 
domilid: calls 400
10secAlass: folds 
Pinpete: calls 400
tsikolaou: folds 
Gabrielfs13: folds 
*** FLOP *** [Ac 4h As]
Winca_cipo: checks 
domilid: bets 650
Pinpete: calls 650
Winca_cipo: folds 
*** TURN *** [Ac 4h As] [Qs]
domilid: bets 1500
Pinpete: calls 1500
*** RIVER *** [Ac 4h As Qs] [Td]
domilid: bets 7425 and is all-in
Pinpete: calls 3481 and is all-in
Uncalled bet (3944) returned to domilid
*** SHOW DOWN ***
domilid: shows [4s 4d] (a full house, Fours full of Aces)
Pinpete: shows [9h Ad] (three of a kind, Aces)
domilid collected 12962 from pot
Pinpete finished the tournament
*** SUMMARY ***
Total pot 12962 | Rake 0 
Board [Ac 4h As Qs Td]
Seat 1: Winca_cipo folded on the Flop
Seat 2: NotLikeThisq folded before Flop (didn't bet)
Seat 3: domilid showed [4s 4d] and won (12962) with a full house, Fours full of Aces
Seat 4: 10secAlass folded before Flop (didn't bet)
Seat 5: Pinpete (button) showed [9h Ad] and lost with three of a kind, Aces
Seat 6: tsikolaou (small blind) folded before Flop
Seat 7: Gabrielfs13 (big blind) folded before Flop
Seat 8: mccol001 folded before Flop (didn't bet)



PokerStars Hand #257174887490: Tournament #3912518874, $4.90+$4.90+$1.20 USD Hold'em No Limit - Level VIII (125/250) - 2025/08/01 17:44:58 BRT [2025/08/01 16:44:58 ET]
Table '3912518874 141' 8-max Seat #6 is the button
Seat 1: Winca_cipo (4707 in chips) 
Seat 2: NotLikeThisq (12867 in chips) 
Seat 3: domilid (16906 in chips) 
Seat 4: 10secAlass (15971 in chips) 
Seat 5: Gomadito (10000 in chips) 
Seat 6: tsikolaou (9655 in chips) is sitting out
Seat 7: Gabrielfs13 (2141 in chips) 
Seat 8: mccol001 (12030 in chips) 
Winca_cipo: posts the ante 30
NotLikeThisq: posts the ante 30
domilid: posts the ante 30
10secAlass: posts the ante 30
Gomadito: posts the ante 30
tsikolaou: posts the ante 30
Gabrielfs13: posts the ante 30
mccol001: posts the ante 30
Gabrielfs13: posts small blind 125
mccol001: posts big blind 250
*** HOLE CARDS ***
Dealt to Gabrielfs13 [7h 3d]
Winca_cipo: raises 250 to 500
tsikolaou has returned
NotLikeThisq: folds 
domilid: calls 500
10secAlass: folds 
Gomadito: folds 
tsikolaou: raises 1750 to 2250
Gabrielfs13: folds 
mccol001: raises 9750 to 12000 and is all-in
Winca_cipo: calls 4177 and is all-in
domilid: folds 
tsikolaou: calls 7375 and is all-in
Uncalled bet (2375) returned to mccol001
*** FLOP *** [As 4d Jh]
*** TURN *** [As 4d Jh] [3h]
*** RIVER *** [As 4d Jh 3h] [Ks]
*** SHOW DOWN ***
mccol001: shows [Kd Kc] (three of a kind, Kings)
tsikolaou: shows [Ac Qh] (a pair of Aces)
mccol001 collected 9896 from side pot
Winca_cipo: shows [8s 8c] (a pair of Eights)
mccol001 collected 14896 from main pot
tsikolaou finished the tournament
Winca_cipo finished the tournament
pelotinAMAG is disconnected 
*** SUMMARY ***
Total pot 24792 Main pot 14896. Side pot 9896. | Rake 0 
Board [As 4d Jh 3h Ks]
Seat 1: Winca_cipo showed [8s 8c] and lost with a pair of Eights
Seat 2: NotLikeThisq folded before Flop (didn't bet)
Seat 3: domilid folded before Flop
Seat 4: 10secAlass folded before Flop (didn't bet)
Seat 5: Gomadito folded before Flop (didn't bet)
Seat 6: tsikolaou (button) showed [Ac Qh] and lost with a pair of Aces
Seat 7: Gabrielfs13 (small blind) folded before Flop
Seat 8: mccol001 (big blind) showed [Kd Kc] and won (24792) with three of a kind, Kings



PokerStars Hand #257174902605: Tournament #3912518874, $4.90+$4.90+$1.20 USD Hold'em No Limit - Level VIII (125/250) - 2025/08/01 17:45:59 BRT [2025/08/01 16:45:59 ET]
Table '3912518874 141' 8-max Seat #7 is the button
Seat 1: pelotinAMAG (9940 in chips) 
Seat 2: NotLikeThisq (12837 in chips) 
Seat 3: domilid (16376 in chips) 
Seat 4: 10secAlass (15941 in chips) 
Seat 5: Gomadito (9970 in chips) 
Seat 6: VerciJunior (10000 in chips) 
Seat 7: Gabrielfs13 (1986 in chips) 
Seat 8: mccol001 (27167 in chips) 
pelotinAMAG: posts the ante 30
NotLikeThisq: posts the ante 30
domilid: posts the ante 30
10secAlass: posts the ante 30
Gomadito: posts the ante 30
VerciJunior: posts the ante 30
Gabrielfs13: posts the ante 30
mccol001: posts the ante 30
mccol001: posts small blind 125
pelotinAMAG: posts big blind 250
*** HOLE CARDS ***
Dealt to Gabrielfs13 [6s Ts]
NotLikeThisq: folds 
domilid: raises 250 to 500
10secAlass: calls 500
Gomadito: folds 
VerciJunior: raises 1000 to 1500
Gabrielfs13: folds 
mccol001: folds 
pelotinAMAG: folds 
domilid: folds 
10secAlass: calls 1000
*** FLOP *** [8s Ah 3h]
10secAlass: checks 
VerciJunior: bets 1250
10secAlass: raises 13161 to 14411 and is all-in
VerciJunior: folds [Tc Td]
Uncalled bet (13161) returned to 10secAlass
10secAlass collected 6615 from pot
10secAlass: doesn't show hand 
*** SUMMARY ***
Total pot 6615 | Rake 0 
Board [8s Ah 3h]
Seat 1: pelotinAMAG (big blind) folded before Flop
Seat 2: NotLikeThisq folded before Flop (didn't bet)
Seat 3: domilid folded before Flop
Seat 4: 10secAlass collected (6615)
Seat 5: Gomadito folded before Flop (didn't bet)
Seat 6: VerciJunior folded on the Flop
Seat 7: Gabrielfs13 (button) folded before Flop (didn't bet)
Seat 8: mccol001 (small blind) folded before Flop



PokerStars Hand #257174916044: Tournament #3912518874, $4.90+$4.90+$1.20 USD Hold'em No Limit - Level VIII (125/250) - 2025/08/01 17:46:54 BRT [2025/08/01 16:46:54 ET]
Table '3912518874 141' 8-max Seat #8 is the button
Seat 1: pelotinAMAG (9660 in chips) 
Seat 2: NotLikeThisq (12807 in chips) 
Seat 3: domilid (15846 in chips) 
Seat 4: 10secAlass (19776 in chips) 
Seat 5: Gomadito (9940 in chips) 
Seat 6: VerciJunior (7220 in chips) 
Seat 7: Gabrielfs13 (1956 in chips) 
Seat 8: mccol001 (27012 in chips) 
pelotinAMAG: posts the ante 30
NotLikeThisq: posts the ante 30
domilid: posts the ante 30
10secAlass: posts the ante 30
Gomadito: posts the ante 30
VerciJunior: posts the ante 30
Gabrielfs13: posts the ante 30
mccol001: posts the ante 30
pelotinAMAG: posts small blind 125
NotLikeThisq: posts big blind 250
*** HOLE CARDS ***
Dealt to Gabrielfs13 [9s 7s]
domilid: folds 
10secAlass: folds 
Gomadito: folds 
VerciJunior: raises 250 to 500
Gabrielfs13: folds 
mccol001: calls 500
pelotinAMAG: folds 
NotLikeThisq: folds 
*** FLOP *** [2h 5c 8c]
VerciJunior: bets 1500
mccol001: folds 
Uncalled bet (1500) returned to VerciJunior
VerciJunior collected 1615 from pot
*** SUMMARY ***
Total pot 1615 | Rake 0 
Board [2h 5c 8c]
Seat 1: pelotinAMAG (small blind) folded before Flop
Seat 2: NotLikeThisq (big blind) folded before Flop
Seat 3: domilid folded before Flop (didn't bet)
Seat 4: 10secAlass folded before Flop (didn't bet)
Seat 5: Gomadito folded before Flop (didn't bet)
Seat 6: VerciJunior collected (1615)
Seat 7: Gabrielfs13 folded before Flop (didn't bet)
Seat 8: mccol001 (button) folded on the Flop



PokerStars Hand #257174932536: Tournament #3912518874, $4.90+$4.90+$1.20 USD Hold'em No Limit - Level VIII (125/250) - 2025/08/01 17:48:01 BRT [2025/08/01 16:48:01 ET]
Table '3912518874 141' 8-max Seat #1 is the button
Seat 1: pelotinAMAG (9505 in chips) 
Seat 2: NotLikeThisq (12527 in chips) 
Seat 3: domilid (15816 in chips) 
Seat 4: 10secAlass (19746 in chips) 
Seat 5: Gomadito (9910 in chips) 
Seat 6: VerciJunior (8305 in chips) 
Seat 7: Gabrielfs13 (1926 in chips) 
Seat 8: mccol001 (26482 in chips) 
pelotinAMAG: posts the ante 30
NotLikeThisq: posts the ante 30
domilid: posts the ante 30
10secAlass: posts the ante 30
Gomadito: posts the ante 30
VerciJunior: posts the ante 30
Gabrielfs13: posts the ante 30
mccol001: posts the ante 30
NotLikeThisq: posts small blind 125
domilid: posts big blind 250
*** HOLE CARDS ***
Dealt to Gabrielfs13 [3d As]
10secAlass: folds 
Gomadito: raises 250 to 500
VerciJunior: folds 
Gabrielfs13 has timed out
Gabrielfs13: folds 
Gabrielfs13 is sitting out
mccol001: folds 
Gabrielfs13 has returned
pelotinAMAG: folds 
NotLikeThisq: folds 
domilid: calls 250
*** FLOP *** [7c 6h Kc]
domilid: checks 
Gomadito: checks 
*** TURN *** [7c 6h Kc] [5s]
domilid: checks 
Gomadito: checks 
*** RIVER *** [7c 6h Kc 5s] [4c]
domilid: checks 
Gomadito: checks 
*** SHOW DOWN ***
domilid: shows [Td Qs] (high card King)
Gomadito: shows [Qh Ts] (high card King)
domilid collected 683 from pot
Gomadito collected 682 from pot
*** SUMMARY ***
Total pot 1365 | Rake 0 
Board [7c 6h Kc 5s 4c]
Seat 1: pelotinAMAG (button) folded before Flop (didn't bet)
Seat 2: NotLikeThisq (small blind) folded before Flop
Seat 3: domilid (big blind) showed [Td Qs] and won (683) with high card King
Seat 4: 10secAlass folded before Flop (didn't bet)
Seat 5: Gomadito showed [Qh Ts] and won (682) with high card King
Seat 6: VerciJunior folded before Flop (didn't bet)
Seat 7: Gabrielfs13 folded before Flop (didn't bet)
Seat 8: mccol001 folded before Flop (didn't bet)



PokerStars Hand #257174946420: Tournament #3912518874, $4.90+$4.90+$1.20 USD Hold'em No Limit - Level VIII (125/250) - 2025/08/01 17:48:57 BRT [2025/08/01 16:48:57 ET]
Table '3912518874 141' 8-max Seat #2 is the button
Seat 1: pelotinAMAG (9475 in chips) 
Seat 2: NotLikeThisq (12372 in chips) 
Seat 3: domilid (15969 in chips) 
Seat 4: 10secAlass (19716 in chips) 
Seat 5: Gomadito (10062 in chips) 
Seat 6: VerciJunior (8275 in chips) 
Seat 7: Gabrielfs13 (1896 in chips) 
Seat 8: mccol001 (26452 in chips) 
pelotinAMAG: posts the ante 30
NotLikeThisq: posts the ante 30
domilid: posts the ante 30
10secAlass: posts the ante 30
Gomadito: posts the ante 30
VerciJunior: posts the ante 30
Gabrielfs13: posts the ante 30
mccol001: posts the ante 30
domilid: posts small blind 125
10secAlass: posts big blind 250
*** HOLE CARDS ***
Dealt to Gabrielfs13 [Kh Qs]
Gomadito: folds 
VerciJunior: folds 
Gabrielfs13: raises 1616 to 1866 and is all-in
mccol001: calls 1866
pelotinAMAG: folds 
NotLikeThisq: folds 
domilid: folds 
10secAlass: folds 
*** FLOP *** [2c 7c 8h]
*** TURN *** [2c 7c 8h] [4d]
*** RIVER *** [2c 7c 8h 4d] [3s]
*** SHOW DOWN ***
Gabrielfs13: shows [Kh Qs] (high card King)
mccol001: shows [Jc As] (high card Ace)
mccol001 collected 4347 from pot
Gabrielfs13 finished the tournament
*** SUMMARY ***
Total pot 4347 | Rake 0 
Board [2c 7c 8h 4d 3s]
Seat 1: pelotinAMAG folded before Flop (didn't bet)
Seat 2: NotLikeThisq (button) folded before Flop (didn't bet)
Seat 3: domilid (small blind) folded before Flop
Seat 4: 10secAlass (big blind) folded before Flop
Seat 5: Gomadito folded before Flop (didn't bet)
Seat 6: VerciJunior folded before Flop (didn't bet)
Seat 7: Gabrielfs13 showed [Kh Qs] and lost with high card King
Seat 8: mccol001 showed [Jc As] and won (4347) with high card Ace



PokerStars Hand #257175016048: Tournament #3912518874, $4.90+$4.90+$1.20 USD Hold'em No Limit - Level IX (150/300) - 2025/08/01 17:53:43 BRT [2025/08/01 16:53:43 ET]
Table '3912518874 166' 8-max Seat #1 is the button
Seat 1: manocaio (31146 in chips) 
Seat 2: rynacher2 (11429 in chips) 
Seat 3: FearOfSky (10623 in chips) 
Seat 4: Andrew_Andrew31 (13860 in chips) 
Seat 5: Psux0z (12317 in chips) 
Seat 6: Gabrielfs13 (10000 in chips) 
Seat 7: Yasuke17 (10678 in chips) 
Seat 8: Rafaelh29 (7075 in chips) 
manocaio: posts the ante 40
rynacher2: posts the ante 40
FearOfSky: posts the ante 40
Andrew_Andrew31: posts the ante 40
Psux0z: posts the ante 40
Gabrielfs13: posts the ante 40
Yasuke17: posts the ante 40
Rafaelh29: posts the ante 40
rynacher2: posts small blind 150
FearOfSky: posts big blind 300
*** HOLE CARDS ***
Dealt to Gabrielfs13 [4s 2c]
Andrew_Andrew31: calls 300
Psux0z: raises 450 to 750
Gabrielfs13: folds 
Yasuke17: folds 
Rafaelh29: folds 
Rafaelh29 is disconnected 
manocaio: folds 
rynacher2: folds 
FearOfSky: folds 
Andrew_Andrew31: calls 450
*** FLOP *** [9s Ad Th]
Rafaelh29 is disconnected 
Andrew_Andrew31: checks 
Psux0z: bets 1135
Andrew_Andrew31: calls 1135
*** TURN *** [9s Ad Th] [Ks]
Andrew_Andrew31: checks 
Psux0z: bets 2270
Andrew_Andrew31: folds 
Uncalled bet (2270) returned to Psux0z
Psux0z collected 4540 from pot
Psux0z: doesn't show hand 
*** SUMMARY ***
Total pot 4540 | Rake 0 
Board [9s Ad Th Ks]
Seat 1: manocaio (button) folded before Flop (didn't bet)
Seat 2: rynacher2 (small blind) folded before Flop
Seat 3: FearOfSky (big blind) folded before Flop
Seat 4: Andrew_Andrew31 folded on the Turn
Seat 5: Psux0z collected (4540)
Seat 6: Gabrielfs13 folded before Flop (didn't bet)
Seat 7: Yasuke17 folded before Flop (didn't bet)
Seat 8: Rafaelh29 folded before Flop (didn't bet)



PokerStars Hand #257175034602: Tournament #3912518874, $4.90+$4.90+$1.20 USD Hold'em No Limit - Level IX (150/300) - 2025/08/01 17:54:58 BRT [2025/08/01 16:54:58 ET]
Table '3912518874 166' 8-max Seat #2 is the button
Seat 1: manocaio (31106 in chips) 
Seat 2: rynacher2 (11239 in chips) 
Seat 3: FearOfSky (10283 in chips) 
Seat 4: Andrew_Andrew31 (11935 in chips) 
Seat 5: Psux0z (14932 in chips) 
Seat 6: Gabrielfs13 (9960 in chips) 
Seat 7: Yasuke17 (10638 in chips) 
Seat 8: Rafaelh29 (7035 in chips) 
manocaio: posts the ante 40
rynacher2: posts the ante 40
FearOfSky: posts the ante 40
Andrew_Andrew31: posts the ante 40
Psux0z: posts the ante 40
Gabrielfs13: posts the ante 40
Yasuke17: posts the ante 40
Rafaelh29: posts the ante 40
FearOfSky: posts small blind 150
Andrew_Andrew31: posts big blind 300
*** HOLE CARDS ***
Dealt to Gabrielfs13 [Qc Kh]
Psux0z: folds 
Gabrielfs13: raises 300 to 600
Yasuke17: raises 1970 to 2570
Rafaelh29: folds 
manocaio: folds 
rynacher2: folds 
FearOfSky: folds 
Andrew_Andrew31: folds 
Gabrielfs13: calls 1970
*** FLOP *** [3h 2d 6h]
Gabrielfs13: checks 
Yasuke17: checks 
*** TURN *** [3h 2d 6h] [4d]
Gabrielfs13: checks 
Yasuke17: checks 
*** RIVER *** [3h 2d 6h 4d] [8s]
Gabrielfs13: checks 
Yasuke17: checks 
*** SHOW DOWN ***
Gabrielfs13: shows [Qc Kh] (high card King)
Yasuke17: shows [As Qh] (high card Ace)
Yasuke17 collected 5910 from pot
*** SUMMARY ***
Total pot 5910 | Rake 0 
Board [3h 2d 6h 4d 8s]
Seat 1: manocaio folded before Flop (didn't bet)
Seat 2: rynacher2 (button) folded before Flop (didn't bet)
Seat 3: FearOfSky (small blind) folded before Flop
Seat 4: Andrew_Andrew31 (big blind) folded before Flop
Seat 5: Psux0z folded before Flop (didn't bet)
Seat 6: Gabrielfs13 showed [Qc Kh] and lost with high card King
Seat 7: Yasuke17 showed [As Qh] and won (5910) with high card Ace
Seat 8: Rafaelh29 folded before Flop (didn't bet)



PokerStars Hand #257175117974: Tournament #3912518874, $4.90+$4.90+$1.20 USD Hold'em No Limit - Level IX (150/300) - 2025/08/01 18:02:24 BRT [2025/08/01 17:02:24 ET]
Table '3912518874 166' 8-max Seat #3 is the button
Seat 1: manocaio (31066 in chips) 
Seat 2: rynacher2 (11199 in chips) 
Seat 3: FearOfSky (10093 in chips) 
Seat 4: Andrew_Andrew31 (11595 in chips) 
Seat 5: Psux0z (14892 in chips) 
Seat 6: Gabrielfs13 (7350 in chips) 
Seat 7: Yasuke17 (13938 in chips) 
Seat 8: Rafaelh29 (6995 in chips) 
manocaio: posts the ante 40
rynacher2: posts the ante 40
FearOfSky: posts the ante 40
Andrew_Andrew31: posts the ante 40
Psux0z: posts the ante 40
Gabrielfs13: posts the ante 40
Yasuke17: posts the ante 40
Rafaelh29: posts the ante 40
Andrew_Andrew31: posts small blind 150
Psux0z: posts big blind 300
*** HOLE CARDS ***
Dealt to Gabrielfs13 [6h 5d]
Gabrielfs13: folds 
Yasuke17: folds 
Rafaelh29: raises 300 to 600
manocaio: calls 600
rynacher2: calls 600
FearOfSky: folds 
Andrew_Andrew31: folds 
Psux0z has timed out
Psux0z: folds 
Psux0z is sitting out
*** FLOP *** [9h Ks 5c]
Rafaelh29: checks 
manocaio: checks 
rynacher2: checks 
*** TURN *** [9h Ks 5c] [As]
Rafaelh29: checks 
manocaio: bets 2005
rynacher2: calls 2005
Rafaelh29: folds 
*** RIVER *** [9h Ks 5c As] [6d]
Psux0z has returned
manocaio: checks 
rynacher2: bets 1200
manocaio: folds 
Uncalled bet (1200) returned to rynacher2
rynacher2 collected 6580 from pot
rynacher2: doesn't show hand 
*** SUMMARY ***
Total pot 6580 | Rake 0 
Board [9h Ks 5c As 6d]
Seat 1: manocaio folded on the River
Seat 2: rynacher2 collected (6580)
Seat 3: FearOfSky (button) folded before Flop (didn't bet)
Seat 4: Andrew_Andrew31 (small blind) folded before Flop
Seat 5: Psux0z (big blind) folded before Flop
Seat 6: Gabrielfs13 folded before Flop (didn't bet)
Seat 7: Yasuke17 folded before Flop (didn't bet)
Seat 8: Rafaelh29 folded on the Turn



PokerStars Hand #257175159251: Tournament #3912518874, $4.90+$4.90+$1.20 USD Hold'em No Limit - Level X (200/400) - 2025/08/01 18:05:11 BRT [2025/08/01 17:05:11 ET]
Table '3912518874 166' 8-max Seat #4 is the button
Seat 1: manocaio (28421 in chips) 
Seat 2: rynacher2 (15134 in chips) 
Seat 3: FearOfSky (10053 in chips) 
Seat 4: Andrew_Andrew31 (11405 in chips) 
Seat 5: Psux0z (14552 in chips) 
Seat 6: Gabrielfs13 (7310 in chips) 
Seat 7: Yasuke17 (13898 in chips) 
Seat 8: Rafaelh29 (6355 in chips) 
manocaio: posts the ante 50
rynacher2: posts the ante 50
FearOfSky: posts the ante 50
Andrew_Andrew31: posts the ante 50
Psux0z: posts the ante 50
Gabrielfs13: posts the ante 50
Yasuke17: posts the ante 50
Rafaelh29: posts the ante 50
Psux0z: posts small blind 200
Gabrielfs13: posts big blind 400
*** HOLE CARDS ***
Dealt to Gabrielfs13 [9c 2d]
Yasuke17: folds 
Rafaelh29: folds 
manocaio: folds 
rynacher2: folds 
FearOfSky: raises 800 to 1200
Andrew_Andrew31: folds 
Psux0z: calls 1000
Gabrielfs13: folds 
*** FLOP *** [5s 2c 3d]
Psux0z: checks 
FearOfSky: bets 2400
Psux0z: calls 2400
*** TURN *** [5s 2c 3d] [Ah]
Psux0z: checks 
FearOfSky: bets 6403 and is all-in
Psux0z: calls 6403
*** RIVER *** [5s 2c 3d Ah] [9d]
*** SHOW DOWN ***
Psux0z: shows [Ad Td] (a pair of Aces)
FearOfSky: shows [Kd Jd] (high card Ace)
Psux0z collected 20806 from pot
FearOfSky finished the tournament
*** SUMMARY ***
Total pot 20806 | Rake 0 
Board [5s 2c 3d Ah 9d]
Seat 1: manocaio folded before Flop (didn't bet)
Seat 2: rynacher2 folded before Flop (didn't bet)
Seat 3: FearOfSky showed [Kd Jd] and lost with high card Ace
Seat 4: Andrew_Andrew31 (button) folded before Flop (didn't bet)
Seat 5: Psux0z (small blind) showed [Ad Td] and won (20806) with a pair of Aces
Seat 6: Gabrielfs13 (big blind) folded before Flop
Seat 7: Yasuke17 folded before Flop (didn't bet)
Seat 8: Rafaelh29 folded before Flop (didn't bet)



PokerStars Hand #257175177333: Tournament #3912518874, $4.90+$4.90+$1.20 USD Hold'em No Limit - Level X (200/400) - 2025/08/01 18:06:25 BRT [2025/08/01 17:06:25 ET]
Table '3912518874 166' 8-max Seat #5 is the button
Seat 1: manocaio (28371 in chips) 
Seat 2: rynacher2 (15084 in chips) 
Seat 3: Dugang28 (10000 in chips) 
Seat 4: Andrew_Andrew31 (11355 in chips) 
Seat 5: Psux0z (25305 in chips) 
Seat 6: Gabrielfs13 (6860 in chips) 
Seat 7: Yasuke17 (13848 in chips) 
Seat 8: Rafaelh29 (6305 in chips) 
manocaio: posts the ante 50
rynacher2: posts the ante 50
Dugang28: posts the ante 50
Andrew_Andrew31: posts the ante 50
Psux0z: posts the ante 50
Gabrielfs13: posts the ante 50
Yasuke17: posts the ante 50
Rafaelh29: posts the ante 50
Gabrielfs13: posts small blind 200
Yasuke17: posts big blind 400
*** HOLE CARDS ***
Dealt to Gabrielfs13 [5c 6c]
Rafaelh29: folds 
manocaio: folds 
rynacher2: folds 
Dugang28: raises 400 to 800
Andrew_Andrew31: raises 1200 to 2000
Psux0z: folds 
Gabrielfs13: folds 
Yasuke17: folds 
Dugang28: calls 1200
*** FLOP *** [Js 8s 3s]
Dugang28: checks 
Andrew_Andrew31: bets 2500
Dugang28: raises 2500 to 5000
Andrew_Andrew31: folds 
Uncalled bet (2500) returned to Dugang28
Dugang28 collected 10000 from pot
*** SUMMARY ***
Total pot 10000 | Rake 0 
Board [Js 8s 3s]
Seat 1: manocaio folded before Flop (didn't bet)
Seat 2: rynacher2 folded before Flop (didn't bet)
Seat 3: Dugang28 collected (10000)
Seat 4: Andrew_Andrew31 folded on the Flop
Seat 5: Psux0z (button) folded before Flop (didn't bet)
Seat 6: Gabrielfs13 (small blind) folded before Flop
Seat 7: Yasuke17 (big blind) folded before Flop
Seat 8: Rafaelh29 folded before Flop (didn't bet)



PokerStars Hand #257175198159: Tournament #3912518874, $4.90+$4.90+$1.20 USD Hold'em No Limit - Level X (200/400) - 2025/08/01 18:07:49 BRT [2025/08/01 17:07:49 ET]
Table '3912518874 166' 8-max Seat #6 is the button
Seat 1: manocaio (28321 in chips) 
Seat 2: rynacher2 (15034 in chips) 
Seat 3: Dugang28 (15450 in chips) 
Seat 4: Andrew_Andrew31 (6805 in chips) 
Seat 5: Psux0z (25255 in chips) 
Seat 6: Gabrielfs13 (6610 in chips) 
Seat 7: Yasuke17 (13398 in chips) 
Seat 8: Rafaelh29 (6255 in chips) 
manocaio: posts the ante 50
rynacher2: posts the ante 50
Dugang28: posts the ante 50
Andrew_Andrew31: posts the ante 50
Psux0z: posts the ante 50
Gabrielfs13: posts the ante 50
Yasuke17: posts the ante 50
Rafaelh29: posts the ante 50
Yasuke17: posts small blind 200
Rafaelh29: posts big blind 400
*** HOLE CARDS ***
Dealt to Gabrielfs13 [9s 8d]
manocaio: folds 
rynacher2: folds 
Dugang28: folds 
Andrew_Andrew31: folds 
Psux0z: folds 
Gabrielfs13: raises 400 to 800
Yasuke17: folds 
Rafaelh29: calls 400
*** FLOP *** [As 7h 3d]
Rafaelh29: checks 
Gabrielfs13: bets 600
Rafaelh29: folds 
Uncalled bet (600) returned to Gabrielfs13
Gabrielfs13 collected 2200 from pot
Gabrielfs13: doesn't show hand 
*** SUMMARY ***
Total pot 2200 | Rake 0 
Board [As 7h 3d]
Seat 1: manocaio folded before Flop (didn't bet)
Seat 2: rynacher2 folded before Flop (didn't bet)
Seat 3: Dugang28 folded before Flop (didn't bet)
Seat 4: Andrew_Andrew31 folded before Flop (didn't bet)
Seat 5: Psux0z folded before Flop (didn't bet)
Seat 6: Gabrielfs13 (button) collected (2200)
Seat 7: Yasuke17 (small blind) folded before Flop
Seat 8: Rafaelh29 (big blind) folded on the Flop



PokerStars Hand #257175209175: Tournament #3912518874, $4.90+$4.90+$1.20 USD Hold'em No Limit - Level X (200/400) - 2025/08/01 18:08:34 BRT [2025/08/01 17:08:34 ET]
Table '3912518874 166' 8-max Seat #7 is the button
Seat 1: manocaio (28271 in chips) 
Seat 2: rynacher2 (14984 in chips) 
Seat 3: Dugang28 (15400 in chips) 
Seat 4: Andrew_Andrew31 (6755 in chips) 
Seat 5: Psux0z (25205 in chips) 
Seat 6: Gabrielfs13 (7960 in chips) 
Seat 7: Yasuke17 (13148 in chips) 
Seat 8: Rafaelh29 (5405 in chips) 
manocaio: posts the ante 50
rynacher2: posts the ante 50
Dugang28: posts the ante 50
Andrew_Andrew31: posts the ante 50
Psux0z: posts the ante 50
Gabrielfs13: posts the ante 50
Yasuke17: posts the ante 50
Rafaelh29: posts the ante 50
Rafaelh29: posts small blind 200
manocaio: posts big blind 400
*** HOLE CARDS ***
Dealt to Gabrielfs13 [Jd Ad]
rynacher2: folds 
Dugang28: raises 1400 to 1800
Andrew_Andrew31: folds 
Psux0z: folds 
Gabrielfs13: raises 6110 to 7910 and is all-in
Yasuke17: folds 
Rafaelh29: folds 
manocaio: folds 
Dugang28: calls 6110
*** FLOP *** [Qc 8s Ah]
*** TURN *** [Qc 8s Ah] [4c]
*** RIVER *** [Qc 8s Ah 4c] [5c]
*** SHOW DOWN ***
Dugang28: shows [Td Th] (a pair of Tens)
Gabrielfs13: shows [Jd Ad] (a pair of Aces)
Gabrielfs13 collected 16820 from pot
*** SUMMARY ***
Total pot 16820 | Rake 0 
Board [Qc 8s Ah 4c 5c]
Seat 1: manocaio (big blind) folded before Flop
Seat 2: rynacher2 folded before Flop (didn't bet)
Seat 3: Dugang28 showed [Td Th] and lost with a pair of Tens
Seat 4: Andrew_Andrew31 folded before Flop (didn't bet)
Seat 5: Psux0z folded before Flop (didn't bet)
Seat 6: Gabrielfs13 showed [Jd Ad] and won (16820) with a pair of Aces
Seat 7: Yasuke17 (button) folded before Flop (didn't bet)
Seat 8: Rafaelh29 (small blind) folded before Flop



PokerStars Hand #257175218830: Tournament #3912518874, $4.90+$4.90+$1.20 USD Hold'em No Limit - Level X (200/400) - 2025/08/01 18:09:13 BRT [2025/08/01 17:09:13 ET]
Table '3912518874 166' 8-max Seat #8 is the button
Seat 1: manocaio (27821 in chips) 
Seat 2: rynacher2 (14934 in chips) 
Seat 3: Dugang28 (7440 in chips) 
Seat 4: Andrew_Andrew31 (6705 in chips) 
Seat 5: Psux0z (25155 in chips) 
Seat 6: Gabrielfs13 (16820 in chips) 
Seat 7: Yasuke17 (13098 in chips) 
Seat 8: Rafaelh29 (5155 in chips) 
manocaio: posts the ante 50
rynacher2: posts the ante 50
Dugang28: posts the ante 50
Andrew_Andrew31: posts the ante 50
Psux0z: posts the ante 50
Gabrielfs13: posts the ante 50
Yasuke17: posts the ante 50
Rafaelh29: posts the ante 50
manocaio: posts small blind 200
rynacher2: posts big blind 400
*** HOLE CARDS ***
Dealt to Gabrielfs13 [2c Qh]
Dugang28: folds 
Andrew_Andrew31: raises 800 to 1200
Psux0z: folds 
Gabrielfs13: folds 
Yasuke17: folds 
Rafaelh29: folds 
manocaio: folds 
rynacher2: folds 
Uncalled bet (800) returned to Andrew_Andrew31
Andrew_Andrew31 collected 1400 from pot
Andrew_Andrew31: doesn't show hand 
*** SUMMARY ***
Total pot 1400 | Rake 0 
Seat 1: manocaio (small blind) folded before Flop
Seat 2: rynacher2 (big blind) folded before Flop
Seat 3: Dugang28 folded before Flop (didn't bet)
Seat 4: Andrew_Andrew31 collected (1400)
Seat 5: Psux0z folded before Flop (didn't bet)
Seat 6: Gabrielfs13 folded before Flop (didn't bet)
Seat 7: Yasuke17 folded before Flop (didn't bet)
Seat 8: Rafaelh29 (button) folded before Flop (didn't bet)



PokerStars Hand #257175227895: Tournament #3912518874, $4.90+$4.90+$1.20 USD Hold'em No Limit - Level XI (250/500) - 2025/08/01 18:09:50 BRT [2025/08/01 17:09:50 ET]
Table '3912518874 166' 8-max Seat #1 is the button
Seat 1: manocaio (27571 in chips) 
Seat 2: rynacher2 (14484 in chips) 
Seat 3: Dugang28 (7390 in chips) 
Seat 4: Andrew_Andrew31 (7655 in chips) 
Seat 5: Psux0z (25105 in chips) 
Seat 6: Gabrielfs13 (16770 in chips) 
Seat 7: Yasuke17 (13048 in chips) 
Seat 8: Rafaelh29 (5105 in chips) 
manocaio: posts the ante 60
rynacher2: posts the ante 60
Dugang28: posts the ante 60
Andrew_Andrew31: posts the ante 60
Psux0z: posts the ante 60
Gabrielfs13: posts the ante 60
Yasuke17: posts the ante 60
Rafaelh29: posts the ante 60
rynacher2: posts small blind 250
Dugang28: posts big blind 500
*** HOLE CARDS ***
Dealt to Gabrielfs13 [3h 4d]
Andrew_Andrew31: folds 
Psux0z: raises 500 to 1000
Gabrielfs13: folds 
Yasuke17: folds 
Rafaelh29: folds 
manocaio: folds 
rynacher2: folds 
Dugang28: calls 500
*** FLOP *** [3d 8c Td]
Dugang28: bets 1365
Psux0z: calls 1365
*** TURN *** [3d 8c Td] [7s]
Dugang28: bets 4965 and is all-in
Psux0z: folds 
Uncalled bet (4965) returned to Dugang28
Dugang28 collected 5460 from pot
*** SUMMARY ***
Total pot 5460 | Rake 0 
Board [3d 8c Td 7s]
Seat 1: manocaio (button) folded before Flop (didn't bet)
Seat 2: rynacher2 (small blind) folded before Flop
Seat 3: Dugang28 (big blind) collected (5460)
Seat 4: Andrew_Andrew31 folded before Flop (didn't bet)
Seat 5: Psux0z folded on the Turn
Seat 6: Gabrielfs13 folded before Flop (didn't bet)
Seat 7: Yasuke17 folded before Flop (didn't bet)
Seat 8: Rafaelh29 folded before Flop (didn't bet)



PokerStars Hand #257175242051: Tournament #3912518874, $4.90+$4.90+$1.20 USD Hold'em No Limit - Level XI (250/500) - 2025/08/01 18:10:47 BRT [2025/08/01 17:10:47 ET]
Table '3912518874 166' 8-max Seat #2 is the button
Seat 1: manocaio (27511 in chips) 
Seat 2: rynacher2 (14174 in chips) 
Seat 3: Dugang28 (10425 in chips) 
Seat 4: Andrew_Andrew31 (7595 in chips) 
Seat 5: Psux0z (22680 in chips) 
Seat 6: Gabrielfs13 (16710 in chips) 
Seat 7: Yasuke17 (12988 in chips) 
Seat 8: Rafaelh29 (5045 in chips) 
manocaio: posts the ante 60
rynacher2: posts the ante 60
Dugang28: posts the ante 60
Andrew_Andrew31: posts the ante 60
Psux0z: posts the ante 60
Gabrielfs13: posts the ante 60
Yasuke17: posts the ante 60
Rafaelh29: posts the ante 60
Dugang28: posts small blind 250
Andrew_Andrew31: posts big blind 500
*** HOLE CARDS ***
Dealt to Gabrielfs13 [Ad 2h]
Psux0z: raises 500 to 1000
Gabrielfs13: folds 
Yasuke17: folds 
Rafaelh29: folds 
manocaio: folds 
rynacher2: folds 
Dugang28: calls 750
Andrew_Andrew31: folds 
*** FLOP *** [Th 2c 7d]
Dugang28: bets 1490
Psux0z: raises 1490 to 2980
Dugang28: calls 1490
*** TURN *** [Th 2c 7d] [8d]
Dugang28: checks 
Psux0z: bets 8940
Dugang28: folds 
Uncalled bet (8940) returned to Psux0z
Psux0z collected 8940 from pot
Psux0z: doesn't show hand 
*** SUMMARY ***
Total pot 8940 | Rake 0 
Board [Th 2c 7d 8d]
Seat 1: manocaio folded before Flop (didn't bet)
Seat 2: rynacher2 (button) folded before Flop (didn't bet)
Seat 3: Dugang28 (small blind) folded on the Turn
Seat 4: Andrew_Andrew31 (big blind) folded before Flop
Seat 5: Psux0z collected (8940)
Seat 6: Gabrielfs13 folded before Flop (didn't bet)
Seat 7: Yasuke17 folded before Flop (didn't bet)
Seat 8: Rafaelh29 folded before Flop (didn't bet)



PokerStars Hand #257175257197: Tournament #3912518874, $4.90+$4.90+$1.20 USD Hold'em No Limit - Level XI (250/500) - 2025/08/01 18:11:49 BRT [2025/08/01 17:11:49 ET]
Table '3912518874 166' 8-max Seat #3 is the button
Seat 1: manocaio (27451 in chips) 
Seat 2: rynacher2 (14114 in chips) 
Seat 3: Dugang28 (6385 in chips) 
Seat 4: Andrew_Andrew31 (7035 in chips) 
Seat 5: Psux0z (27580 in chips) 
Seat 6: Gabrielfs13 (16650 in chips) 
Seat 7: Yasuke17 (12928 in chips) 
Seat 8: Rafaelh29 (4985 in chips) 
manocaio: posts the ante 60
rynacher2: posts the ante 60
Dugang28: posts the ante 60
Andrew_Andrew31: posts the ante 60
Psux0z: posts the ante 60
Gabrielfs13: posts the ante 60
Yasuke17: posts the ante 60
Rafaelh29: posts the ante 60
Andrew_Andrew31: posts small blind 250
Psux0z: posts big blind 500
*** HOLE CARDS ***
Dealt to Gabrielfs13 [Kc 8d]
Gabrielfs13: folds 
Yasuke17: folds 
Rafaelh29: folds 
manocaio: folds 
rynacher2: calls 500
Dugang28: raises 5825 to 6325 and is all-in
Andrew_Andrew31: folds 
Psux0z: folds 
rynacher2: folds 
Uncalled bet (5825) returned to Dugang28
Dugang28 collected 2230 from pot
*** SUMMARY ***
Total pot 2230 | Rake 0 
Seat 1: manocaio folded before Flop (didn't bet)
Seat 2: rynacher2 folded before Flop
Seat 3: Dugang28 (button) collected (2230)
Seat 4: Andrew_Andrew31 (small blind) folded before Flop
Seat 5: Psux0z (big blind) folded before Flop
Seat 6: Gabrielfs13 folded before Flop (didn't bet)
Seat 7: Yasuke17 folded before Flop (didn't bet)
Seat 8: Rafaelh29 folded before Flop (didn't bet)



PokerStars Hand #257175267596: Tournament #3912518874, $4.90+$4.90+$1.20 USD Hold'em No Limit - Level XI (250/500) - 2025/08/01 18:12:31 BRT [2025/08/01 17:12:31 ET]
Table '3912518874 166' 8-max Seat #4 is the button
Seat 1: manocaio (27391 in chips) 
Seat 2: rynacher2 (13554 in chips) 
Seat 3: Dugang28 (8055 in chips) 
Seat 4: Andrew_Andrew31 (6725 in chips) 
Seat 5: Psux0z (27020 in chips) 
Seat 6: Gabrielfs13 (16590 in chips) 
Seat 7: Yasuke17 (12868 in chips) 
Seat 8: Rafaelh29 (4925 in chips) 
manocaio: posts the ante 60
rynacher2: posts the ante 60
Dugang28: posts the ante 60
Andrew_Andrew31: posts the ante 60
Psux0z: posts the ante 60
Gabrielfs13: posts the ante 60
Yasuke17: posts the ante 60
Rafaelh29: posts the ante 60
Psux0z: posts small blind 250
Gabrielfs13: posts big blind 500
*** HOLE CARDS ***
Dealt to Gabrielfs13 [Ks As]
Yasuke17: raises 500 to 1000
Rafaelh29: raises 3865 to 4865 and is all-in
manocaio: folds 
rynacher2: folds 
Dugang28: folds 
Andrew_Andrew31: folds 
Psux0z: folds 
Gabrielfs13: calls 4365
Yasuke17: folds 
*** FLOP *** [3d 6s Td]
*** TURN *** [3d 6s Td] [2d]
*** RIVER *** [3d 6s Td 2d] [Kc]
*** SHOW DOWN ***
Gabrielfs13: shows [Ks As] (a pair of Kings)
Rafaelh29: shows [Ac 4c] (high card Ace)
Gabrielfs13 collected 11460 from pot
Rafaelh29 finished the tournament
*** SUMMARY ***
Total pot 11460 | Rake 0 
Board [3d 6s Td 2d Kc]
Seat 1: manocaio folded before Flop (didn't bet)
Seat 2: rynacher2 folded before Flop (didn't bet)
Seat 3: Dugang28 folded before Flop (didn't bet)
Seat 4: Andrew_Andrew31 (button) folded before Flop (didn't bet)
Seat 5: Psux0z (small blind) folded before Flop
Seat 6: Gabrielfs13 (big blind) showed [Ks As] and won (11460) with a pair of Kings
Seat 7: Yasuke17 folded before Flop
Seat 8: Rafaelh29 showed [Ac 4c] and lost with high card Ace



PokerStars Hand #257175274204: Tournament #3912518874, $4.90+$4.90+$1.20 USD Hold'em No Limit - Level XI (250/500) - 2025/08/01 18:12:58 BRT [2025/08/01 17:12:58 ET]
Table '3912518874 166' 8-max Seat #5 is the button
Seat 1: manocaio (27331 in chips) 
Seat 2: rynacher2 (13494 in chips) 
Seat 3: Dugang28 (7995 in chips) 
Seat 4: Andrew_Andrew31 (6665 in chips) 
Seat 5: Psux0z (26710 in chips) 
Seat 6: Gabrielfs13 (23125 in chips) 
Seat 7: Yasuke17 (11808 in chips) 
manocaio: posts the ante 60
rynacher2: posts the ante 60
Dugang28: posts the ante 60
Andrew_Andrew31: posts the ante 60
Psux0z: posts the ante 60
Gabrielfs13: posts the ante 60
Yasuke17: posts the ante 60
Gabrielfs13: posts small blind 250
Yasuke17: posts big blind 500
*** HOLE CARDS ***
Dealt to Gabrielfs13 [Jc 6s]
manocaio: raises 500 to 1000
tsarevets is disconnected 
rynacher2: calls 1000
Dugang28: folds 
Andrew_Andrew31: folds 
Psux0z: folds 
Gabrielfs13: folds 
Yasuke17: folds 
*** FLOP *** [6h 2c Qc]
manocaio: checks 
tsarevets is disconnected 
rynacher2: bets 500
manocaio: raises 1250 to 1750
rynacher2: calls 1250
*** TURN *** [6h 2c Qc] [Jh]
manocaio: bets 3070
rynacher2: calls 3070
*** RIVER *** [6h 2c Qc Jh] [5d]
manocaio: bets 12810
rynacher2: folds 
Uncalled bet (12810) returned to manocaio
manocaio collected 12810 from pot
manocaio: doesn't show hand 
*** SUMMARY ***
Total pot 12810 | Rake 0 
Board [6h 2c Qc Jh 5d]
Seat 1: manocaio collected (12810)
Seat 2: rynacher2 folded on the River
Seat 3: Dugang28 folded before Flop (didn't bet)
Seat 4: Andrew_Andrew31 folded before Flop (didn't bet)
Seat 5: Psux0z (button) folded before Flop (didn't bet)
Seat 6: Gabrielfs13 (small blind) folded before Flop
Seat 7: Yasuke17 (big blind) folded before Flop



PokerStars Hand #257175301881: Tournament #3912518874, $4.90+$4.90+$1.20 USD Hold'em No Limit - Level XI (250/500) - 2025/08/01 18:14:50 BRT [2025/08/01 17:14:50 ET]
Table '3912518874 166' 8-max Seat #6 is the button
Seat 1: manocaio (34261 in chips) 
Seat 2: rynacher2 (7614 in chips) 
Seat 3: Dugang28 (7935 in chips) 
Seat 4: Andrew_Andrew31 (6605 in chips) 
Seat 5: Psux0z (26650 in chips) 
Seat 6: Gabrielfs13 (22815 in chips) 
Seat 7: Yasuke17 (11248 in chips) 
Seat 8: tsarevets (10000 in chips) 
manocaio: posts the ante 60
rynacher2: posts the ante 60
Dugang28: posts the ante 60
Andrew_Andrew31: posts the ante 60
Psux0z: posts the ante 60
Gabrielfs13: posts the ante 60
Yasuke17: posts the ante 60
tsarevets: posts the ante 60
Yasuke17: posts small blind 250
tsarevets: posts big blind 500
*** HOLE CARDS ***
Dealt to Gabrielfs13 [8c Ac]
manocaio: folds 
rynacher2: folds 
Dugang28 has timed out
Dugang28: folds 
Dugang28 is sitting out
Andrew_Andrew31: folds 
Psux0z: folds 
Dugang28 is disconnected 
Gabrielfs13: raises 500 to 1000
Yasuke17: folds 
tsarevets: folds 
Uncalled bet (500) returned to Gabrielfs13
Dugang28 is disconnected 
Gabrielfs13 collected 1730 from pot
Gabrielfs13: doesn't show hand 
Dugang28 has returned
*** SUMMARY ***
Total pot 1730 | Rake 0 
Seat 1: manocaio folded before Flop (didn't bet)
Seat 2: rynacher2 folded before Flop (didn't bet)
Seat 3: Dugang28 folded before Flop (didn't bet)
Seat 4: Andrew_Andrew31 folded before Flop (didn't bet)
Seat 5: Psux0z folded before Flop (didn't bet)
Seat 6: Gabrielfs13 (button) collected (1730)
Seat 7: Yasuke17 (small blind) folded before Flop
Seat 8: tsarevets (big blind) folded before Flop



PokerStars Hand #257175320051: Tournament #3912518874, $4.90+$4.90+$1.20 USD Hold'em No Limit - Level XII (300/600) - 2025/08/01 18:16:04 BRT [2025/08/01 17:16:04 ET]
Table '3912518874 166' 8-max Seat #7 is the button
Seat 1: manocaio (34201 in chips) 
Seat 2: rynacher2 (7554 in chips) 
Seat 3: Dugang28 (7875 in chips) 
Seat 4: Andrew_Andrew31 (6545 in chips) 
Seat 5: Psux0z (26590 in chips) 
Seat 6: Gabrielfs13 (23985 in chips) 
Seat 7: Yasuke17 (10938 in chips) 
Seat 8: tsarevets (9440 in chips) 
manocaio: posts the ante 80
rynacher2: posts the ante 80
Dugang28: posts the ante 80
Andrew_Andrew31: posts the ante 80
Psux0z: posts the ante 80
Gabrielfs13: posts the ante 80
Yasuke17: posts the ante 80
tsarevets: posts the ante 80
tsarevets: posts small blind 300
manocaio: posts big blind 600
*** HOLE CARDS ***
Dealt to Gabrielfs13 [8c Qs]
rynacher2: calls 600
Dugang28: folds 
Andrew_Andrew31: raises 5865 to 6465 and is all-in
Psux0z: folds 
Gabrielfs13: folds 
Yasuke17: folds 
tsarevets: folds 
manocaio: folds 
rynacher2: calls 5865
*** FLOP *** [Th 3c 4s]
*** TURN *** [Th 3c 4s] [5s]
*** RIVER *** [Th 3c 4s 5s] [6s]
*** SHOW DOWN ***
rynacher2: shows [Jc Ah] (high card Ace)
Andrew_Andrew31: shows [7c 7h] (a straight, Three to Seven)
Andrew_Andrew31 collected 14470 from pot
*** SUMMARY ***
Total pot 14470 | Rake 0 
Board [Th 3c 4s 5s 6s]
Seat 1: manocaio (big blind) folded before Flop
Seat 2: rynacher2 showed [Jc Ah] and lost with high card Ace
Seat 3: Dugang28 folded before Flop (didn't bet)
Seat 4: Andrew_Andrew31 showed [7c 7h] and won (14470) with a straight, Three to Seven
Seat 5: Psux0z folded before Flop (didn't bet)
Seat 6: Gabrielfs13 folded before Flop (didn't bet)
Seat 7: Yasuke17 (button) folded before Flop (didn't bet)
Seat 8: tsarevets (small blind) folded before Flop



PokerStars Hand #257175333017: Tournament #3912518874, $4.90+$4.90+$1.20 USD Hold'em No Limit - Level XII (300/600) - 2025/08/01 18:16:56 BRT [2025/08/01 17:16:56 ET]
Table '3912518874 166' 8-max Seat #8 is the button
Seat 1: manocaio (33521 in chips) 
Seat 2: rynacher2 (1009 in chips) 
Seat 3: Dugang28 (7795 in chips) 
Seat 4: Andrew_Andrew31 (14470 in chips) 
Seat 5: Psux0z (26510 in chips) 
Seat 6: Gabrielfs13 (23905 in chips) 
Seat 7: Yasuke17 (10858 in chips) 
Seat 8: tsarevets (9060 in chips) 
manocaio: posts the ante 80
rynacher2: posts the ante 80
Dugang28: posts the ante 80
Andrew_Andrew31: posts the ante 80
Psux0z: posts the ante 80
Gabrielfs13: posts the ante 80
Yasuke17: posts the ante 80
tsarevets: posts the ante 80
manocaio: posts small blind 300
rynacher2: posts big blind 600
*** HOLE CARDS ***
Dealt to Gabrielfs13 [5d 7d]
Dugang28: folds 
Andrew_Andrew31: folds 
Psux0z: folds 
Gabrielfs13: folds 
Yasuke17: folds 
tsarevets: folds 
manocaio: raises 600 to 1200
rynacher2: calls 329 and is all-in
Uncalled bet (271) returned to manocaio
*** FLOP *** [7c 8c Ac]
*** TURN *** [7c 8c Ac] [Th]
*** RIVER *** [7c 8c Ac Th] [Qc]
*** SHOW DOWN ***
manocaio: shows [3s Jc] (a flush, Ace high)
rynacher2: shows [3d Js] (high card Ace)
manocaio collected 2498 from pot
rynacher2 finished the tournament
*** SUMMARY ***
Total pot 2498 | Rake 0 
Board [7c 8c Ac Th Qc]
Seat 1: manocaio (small blind) showed [3s Jc] and won (2498) with a flush, Ace high
Seat 2: rynacher2 (big blind) showed [3d Js] and lost with high card Ace
Seat 3: Dugang28 folded before Flop (didn't bet)
Seat 4: Andrew_Andrew31 folded before Flop (didn't bet)
Seat 5: Psux0z folded before Flop (didn't bet)
Seat 6: Gabrielfs13 folded before Flop (didn't bet)
Seat 7: Yasuke17 folded before Flop (didn't bet)
Seat 8: tsarevets (button) folded before Flop (didn't bet)



PokerStars Hand #257175346306: Tournament #3912518874, $4.90+$4.90+$1.20 USD Hold'em No Limit - Level XII (300/600) - 2025/08/01 18:17:50 BRT [2025/08/01 17:17:50 ET]
Table '3912518874 166' 8-max Seat #1 is the button
Seat 1: manocaio (35010 in chips) 
Seat 3: Dugang28 (7715 in chips) 
Seat 4: Andrew_Andrew31 (14390 in chips) 
Seat 5: Psux0z (26430 in chips) 
Seat 6: Gabrielfs13 (23825 in chips) 
Seat 7: Yasuke17 (10778 in chips) 
Seat 8: tsarevets (8980 in chips) 
manocaio: posts the ante 80
Dugang28: posts the ante 80
Andrew_Andrew31: posts the ante 80
Psux0z: posts the ante 80
Gabrielfs13: posts the ante 80
Yasuke17: posts the ante 80
tsarevets: posts the ante 80
Dugang28: posts small blind 300
Andrew_Andrew31: posts big blind 600
*** HOLE CARDS ***
Dealt to Gabrielfs13 [Tc 7c]
Psux0z: folds 
Dima25997 is disconnected 
Gabrielfs13: folds 
Yasuke17: folds 
tsarevets: raises 8300 to 8900 and is all-in
manocaio: folds 
Dugang28: folds 
Andrew_Andrew31: folds 
Uncalled bet (8300) returned to tsarevets
tsarevets collected 2060 from pot
tsarevets: doesn't show hand 
*** SUMMARY ***
Total pot 2060 | Rake 0 
Seat 1: manocaio (button) folded before Flop (didn't bet)
Seat 3: Dugang28 (small blind) folded before Flop
Seat 4: Andrew_Andrew31 (big blind) folded before Flop
Seat 5: Psux0z folded before Flop (didn't bet)
Seat 6: Gabrielfs13 folded before Flop (didn't bet)
Seat 7: Yasuke17 folded before Flop (didn't bet)
Seat 8: tsarevets collected (2060)



PokerStars Hand #257175358426: Tournament #3912518874, $4.90+$4.90+$1.20 USD Hold'em No Limit - Level XII (300/600) - 2025/08/01 18:18:39 BRT [2025/08/01 17:18:39 ET]
Table '3912518874 166' 8-max Seat #3 is the button
Seat 1: manocaio (34930 in chips) 
Seat 2: Dima25997 (10000 in chips) 
Seat 3: Dugang28 (7335 in chips) 
Seat 4: Andrew_Andrew31 (13710 in chips) 
Seat 5: Psux0z (26350 in chips) 
Seat 6: Gabrielfs13 (23745 in chips) 
Seat 7: Yasuke17 (10698 in chips) 
Seat 8: tsarevets (10360 in chips) 
manocaio: posts the ante 80
Dima25997: posts the ante 80
Dugang28: posts the ante 80
Andrew_Andrew31: posts the ante 80
Psux0z: posts the ante 80
Gabrielfs13: posts the ante 80
Yasuke17: posts the ante 80
tsarevets: posts the ante 80
Andrew_Andrew31: posts small blind 300
Psux0z: posts big blind 600
*** HOLE CARDS ***
Dealt to Gabrielfs13 [Jh Ad]
Gabrielfs13: raises 600 to 1200
Yasuke17: folds 
tsarevets: calls 1200
manocaio: folds 
Dima25997: calls 1200
Dugang28 has timed out
Dugang28: folds 
Dugang28 is sitting out
Andrew_Andrew31: folds 
Psux0z: calls 600
*** FLOP *** [4d 6c Qc]
Psux0z: checks 
Dugang28 has returned
Gabrielfs13: checks 
tsarevets: checks 
Dima25997: checks 
*** TURN *** [4d 6c Qc] [4c]
Psux0z: checks 
Gabrielfs13: checks 
tsarevets: checks 
Dima25997: checks 
*** RIVER *** [4d 6c Qc 4c] [Jc]
Psux0z: checks 
Gabrielfs13: checks 
tsarevets: checks 
Dima25997: bets 3214
Psux0z: folds 
Gabrielfs13: folds 
tsarevets: folds 
Uncalled bet (3214) returned to Dima25997
Dima25997 collected 5740 from pot
Dima25997: doesn't show hand 
*** SUMMARY ***
Total pot 5740 | Rake 0 
Board [4d 6c Qc 4c Jc]
Seat 1: manocaio folded before Flop (didn't bet)
Seat 2: Dima25997 collected (5740)
Seat 3: Dugang28 (button) folded before Flop (didn't bet)
Seat 4: Andrew_Andrew31 (small blind) folded before Flop
Seat 5: Psux0z (big blind) folded on the River
Seat 6: Gabrielfs13 folded on the River
Seat 7: Yasuke17 folded before Flop (didn't bet)
Seat 8: tsarevets folded on the River



PokerStars Hand #257175388752: Tournament #3912518874, $4.90+$4.90+$1.20 USD Hold'em No Limit - Level XII (300/600) - 2025/08/01 18:20:42 BRT [2025/08/01 17:20:42 ET]
Table '3912518874 166' 8-max Seat #4 is the button
Seat 1: manocaio (34850 in chips) 
Seat 2: Dima25997 (14460 in chips) 
Seat 3: Dugang28 (7255 in chips) 
Seat 4: Andrew_Andrew31 (13330 in chips) 
Seat 5: Psux0z (25070 in chips) 
Seat 6: Gabrielfs13 (22465 in chips) 
Seat 7: Yasuke17 (10618 in chips) 
Seat 8: tsarevets (9080 in chips) 
manocaio: posts the ante 80
Dima25997: posts the ante 80
Dugang28: posts the ante 80
Andrew_Andrew31: posts the ante 80
Psux0z: posts the ante 80
Gabrielfs13: posts the ante 80
Yasuke17: posts the ante 80
tsarevets: posts the ante 80
Psux0z: posts small blind 300
Gabrielfs13: posts big blind 600
*** HOLE CARDS ***
Dealt to Gabrielfs13 [6h 7c]
Yasuke17: folds 
tsarevets: calls 600
manocaio: folds 
Dima25997: folds 
Dugang28: raises 600 to 1200
Andrew_Andrew31: folds 
Psux0z: folds 
Gabrielfs13: calls 600
tsarevets: calls 600
*** FLOP *** [8c Ah 7h]
Gabrielfs13: checks 
tsarevets: checks 
Dugang28: bets 2270
Gabrielfs13: calls 2270
tsarevets: folds 
*** TURN *** [8c Ah 7h] [3s]
Gabrielfs13: checks 
Dugang28: bets 3705 and is all-in
Gabrielfs13: calls 3705
*** RIVER *** [8c Ah 7h 3s] [Ks]
*** SHOW DOWN ***
Gabrielfs13: shows [6h 7c] (a pair of Sevens)
Dugang28: shows [Qh As] (a pair of Aces)
Dugang28 collected 16490 from pot
*** SUMMARY ***
Total pot 16490 | Rake 0 
Board [8c Ah 7h 3s Ks]
Seat 1: manocaio folded before Flop (didn't bet)
Seat 2: Dima25997 folded before Flop (didn't bet)
Seat 3: Dugang28 showed [Qh As] and won (16490) with a pair of Aces
Seat 4: Andrew_Andrew31 (button) folded before Flop (didn't bet)
Seat 5: Psux0z (small blind) folded before Flop
Seat 6: Gabrielfs13 (big blind) showed [6h 7c] and lost with a pair of Sevens
Seat 7: Yasuke17 folded before Flop (didn't bet)
Seat 8: tsarevets folded on the Flop



PokerStars Hand #257175402963: Tournament #3912518874, $4.90+$4.90+$1.20 USD Hold'em No Limit - Level XIII (400/800) - 2025/08/01 18:21:40 BRT [2025/08/01 17:21:40 ET]
Table '3912518874 166' 8-max Seat #5 is the button
Seat 1: manocaio (34770 in chips) 
Seat 2: Dima25997 (14380 in chips) 
Seat 3: Dugang28 (16490 in chips) 
Seat 4: Andrew_Andrew31 (13250 in chips) 
Seat 5: Psux0z (24690 in chips) 
Seat 6: Gabrielfs13 (15210 in chips) 
Seat 7: Yasuke17 (10538 in chips) 
Seat 8: tsarevets (7800 in chips) 
manocaio: posts the ante 100
Dima25997: posts the ante 100
Dugang28: posts the ante 100
Andrew_Andrew31: posts the ante 100
Psux0z: posts the ante 100
Gabrielfs13: posts the ante 100
Yasuke17: posts the ante 100
tsarevets: posts the ante 100
Gabrielfs13: posts small blind 400
Yasuke17: posts big blind 800
*** HOLE CARDS ***
Dealt to Gabrielfs13 [4s Kh]
tsarevets: folds 
manocaio: raises 800 to 1600
Dima25997: calls 1600
Dugang28: raises 800 to 2400
Andrew_Andrew31: folds 
Psux0z: folds 
Gabrielfs13 has timed out
Gabrielfs13: folds 
Gabrielfs13 is sitting out
Yasuke17: folds 
Gabrielfs13 has returned
manocaio: raises 32270 to 34670 and is all-in
Dima25997: calls 12680 and is all-in
Dugang28: folds 
Uncalled bet (20390) returned to manocaio
*** FLOP *** [As 4c 2h]
*** TURN *** [As 4c 2h] [Ac]
*** RIVER *** [As 4c 2h Ac] [5d]
*** SHOW DOWN ***
manocaio: shows [8d 8c] (two pair, Aces and Eights)
Dima25997: shows [Ah 9h] (three of a kind, Aces)
Dima25997 collected 32960 from pot
*** SUMMARY ***
Total pot 32960 | Rake 0 
Board [As 4c 2h Ac 5d]
Seat 1: manocaio showed [8d 8c] and lost with two pair, Aces and Eights
Seat 2: Dima25997 showed [Ah 9h] and won (32960) with three of a kind, Aces
Seat 3: Dugang28 folded before Flop
Seat 4: Andrew_Andrew31 folded before Flop (didn't bet)
Seat 5: Psux0z (button) folded before Flop (didn't bet)
Seat 6: Gabrielfs13 (small blind) folded before Flop
Seat 7: Yasuke17 (big blind) folded before Flop
Seat 8: tsarevets folded before Flop (didn't bet)



PokerStars Hand #257175422868: Tournament #3912518874, $4.90+$4.90+$1.20 USD Hold'em No Limit - Level XIII (400/800) - 2025/08/01 18:23:01 BRT [2025/08/01 17:23:01 ET]
Table '3912518874 166' 8-max Seat #6 is the button
Seat 1: manocaio (20390 in chips) 
Seat 2: Dima25997 (32960 in chips) 
Seat 3: Dugang28 (13990 in chips) 
Seat 4: Andrew_Andrew31 (13150 in chips) 
Seat 5: Psux0z (24590 in chips) 
Seat 6: Gabrielfs13 (14710 in chips) 
Seat 7: Yasuke17 (9638 in chips) 
Seat 8: tsarevets (7700 in chips) 
manocaio: posts the ante 100
Dima25997: posts the ante 100
Dugang28: posts the ante 100
Andrew_Andrew31: posts the ante 100
Psux0z: posts the ante 100
Gabrielfs13: posts the ante 100
Yasuke17: posts the ante 100
tsarevets: posts the ante 100
Yasuke17: posts small blind 400
tsarevets: posts big blind 800
*** HOLE CARDS ***
Dealt to Gabrielfs13 [2s Jd]
manocaio: folds 
Dima25997: raises 800 to 1600
Dugang28 has timed out
Dugang28: folds 
Dugang28 is sitting out
Andrew_Andrew31: folds 
Psux0z: folds 
Gabrielfs13: folds 
Yasuke17: calls 1200
tsarevets: folds 
*** FLOP *** [5c 9d 8h]
Dugang28 has returned
Yasuke17: bets 7938 and is all-in
Dima25997: folds 
Uncalled bet (7938) returned to Yasuke17
Yasuke17 collected 4800 from pot
Yasuke17: doesn't show hand 
*** SUMMARY ***
Total pot 4800 | Rake 0 
Board [5c 9d 8h]
Seat 1: manocaio folded before Flop (didn't bet)
Seat 2: Dima25997 folded on the Flop
Seat 3: Dugang28 folded before Flop (didn't bet)
Seat 4: Andrew_Andrew31 folded before Flop (didn't bet)
Seat 5: Psux0z folded before Flop (didn't bet)
Seat 6: Gabrielfs13 (button) folded before Flop (didn't bet)
Seat 7: Yasuke17 (small blind) collected (4800)
Seat 8: tsarevets (big blind) folded before Flop



PokerStars Hand #257175433481: Tournament #3912518874, $4.90+$4.90+$1.20 USD Hold'em No Limit - Level XIII (400/800) - 2025/08/01 18:23:44 BRT [2025/08/01 17:23:44 ET]
Table '3912518874 166' 8-max Seat #7 is the button
Seat 1: manocaio (20290 in chips) 
Seat 2: Dima25997 (31260 in chips) 
Seat 3: Dugang28 (13890 in chips) 
Seat 4: Andrew_Andrew31 (13050 in chips) 
Seat 5: Psux0z (24490 in chips) 
Seat 6: Gabrielfs13 (14610 in chips) 
Seat 7: Yasuke17 (12738 in chips) 
Seat 8: tsarevets (6800 in chips) 
manocaio: posts the ante 100
Dima25997: posts the ante 100
Dugang28: posts the ante 100
Andrew_Andrew31: posts the ante 100
Psux0z: posts the ante 100
Gabrielfs13: posts the ante 100
Yasuke17: posts the ante 100
tsarevets: posts the ante 100
tsarevets: posts small blind 400
manocaio: posts big blind 800
*** HOLE CARDS ***
Dealt to Gabrielfs13 [As Ah]
Dima25997: folds 
Dugang28 has timed out
Dugang28: folds 
Dugang28 is sitting out
Andrew_Andrew31: folds 
Psux0z: folds 
Gabrielfs13: raises 800 to 1600
Yasuke17: folds 
Dugang28 has returned
tsarevets: folds 
manocaio: calls 800
*** FLOP *** [Qd Jd Ts]
manocaio: checks 
Gabrielfs13: bets 1200
manocaio: calls 1200
*** TURN *** [Qd Jd Ts] [3h]
manocaio: checks 
Gabrielfs13: bets 11710 and is all-in
manocaio: folds 
Uncalled bet (11710) returned to Gabrielfs13
Gabrielfs13 collected 6800 from pot
Gabrielfs13: doesn't show hand 
*** SUMMARY ***
Total pot 6800 | Rake 0 
Board [Qd Jd Ts 3h]
Seat 1: manocaio (big blind) folded on the Turn
Seat 2: Dima25997 folded before Flop (didn't bet)
Seat 3: Dugang28 folded before Flop (didn't bet)
Seat 4: Andrew_Andrew31 folded before Flop (didn't bet)
Seat 5: Psux0z folded before Flop (didn't bet)
Seat 6: Gabrielfs13 collected (6800)
Seat 7: Yasuke17 (button) folded before Flop (didn't bet)
Seat 8: tsarevets (small blind) folded before Flop



PokerStars Hand #257175446229: Tournament #3912518874, $4.90+$4.90+$1.20 USD Hold'em No Limit - Level XIII (400/800) - 2025/08/01 18:24:37 BRT [2025/08/01 17:24:37 ET]
Table '3912518874 166' 8-max Seat #8 is the button
Seat 1: manocaio (17390 in chips) 
Seat 2: Dima25997 (31160 in chips) 
Seat 3: Dugang28 (13790 in chips) 
Seat 4: Andrew_Andrew31 (12950 in chips) 
Seat 5: Psux0z (24390 in chips) 
Seat 6: Gabrielfs13 (18510 in chips) 
Seat 7: Yasuke17 (12638 in chips) 
Seat 8: tsarevets (6300 in chips) 
manocaio: posts the ante 100
Dima25997: posts the ante 100
Dugang28: posts the ante 100
Andrew_Andrew31: posts the ante 100
Psux0z: posts the ante 100
Gabrielfs13: posts the ante 100
Yasuke17: posts the ante 100
tsarevets: posts the ante 100
manocaio: posts small blind 400
Dima25997: posts big blind 800
*** HOLE CARDS ***
Dealt to Gabrielfs13 [Jd 4c]
Dugang28 has timed out
Dugang28: folds 
Dugang28 is sitting out
Andrew_Andrew31: folds 
Psux0z: folds 
Gabrielfs13: folds 
Yasuke17: folds 
tsarevets: folds 
manocaio: calls 400
Dima25997: raises 1600 to 2400
manocaio: calls 1600
*** FLOP *** [8c Ad 8d]
manocaio: checks 
Dugang28 has returned
Dima25997: bets 2336
manocaio: calls 2336
*** TURN *** [8c Ad 8d] [3c]
manocaio: checks 
Dima25997: bets 5752
manocaio: calls 5752
*** RIVER *** [8c Ad 8d 3c] [7c]
manocaio: bets 6802 and is all-in
Dima25997: calls 6802
*** SHOW DOWN ***
manocaio: shows [2c Qc] (a flush, Queen high)
Dima25997: shows [Td As] (two pair, Aces and Eights)
manocaio collected 35380 from pot
*** SUMMARY ***
Total pot 35380 | Rake 0 
Board [8c Ad 8d 3c 7c]
Seat 1: manocaio (small blind) showed [2c Qc] and won (35380) with a flush, Queen high
Seat 2: Dima25997 (big blind) showed [Td As] and lost with two pair, Aces and Eights
Seat 3: Dugang28 folded before Flop (didn't bet)
Seat 4: Andrew_Andrew31 folded before Flop (didn't bet)
Seat 5: Psux0z folded before Flop (didn't bet)
Seat 6: Gabrielfs13 folded before Flop (didn't bet)
Seat 7: Yasuke17 folded before Flop (didn't bet)
Seat 8: tsarevets (button) folded before Flop (didn't bet)



PokerStars Hand #257175468812: Tournament #3912518874, $4.90+$4.90+$1.20 USD Hold'em No Limit - Level XIII (400/800) - 2025/08/01 18:26:09 BRT [2025/08/01 17:26:09 ET]
Table '3912518874 166' 8-max Seat #1 is the button
Seat 1: manocaio (35380 in chips) 
Seat 2: Dima25997 (13770 in chips) 
Seat 3: Dugang28 (13690 in chips) 
Seat 4: Andrew_Andrew31 (12850 in chips) 
Seat 5: Psux0z (24290 in chips) 
Seat 6: Gabrielfs13 (18410 in chips) 
Seat 7: Yasuke17 (12538 in chips) 
Seat 8: tsarevets (6200 in chips) 
manocaio: posts the ante 100
Dima25997: posts the ante 100
Dugang28: posts the ante 100
Andrew_Andrew31: posts the ante 100
Psux0z: posts the ante 100
Gabrielfs13: posts the ante 100
Yasuke17: posts the ante 100
tsarevets: posts the ante 100
Dima25997: posts small blind 400
Dugang28: posts big blind 800
*** HOLE CARDS ***
Dealt to Gabrielfs13 [3h Kd]
Andrew_Andrew31: folds 
Psux0z: folds 
Gabrielfs13: folds 
Yasuke17: folds 
tsarevets: folds 
manocaio: folds 
Dima25997: calls 400
Dugang28: raises 2400 to 3200
Dima25997: calls 2400
*** FLOP *** [Ks 6h Ah]
Dima25997: checks 
Dugang28: bets 3600
Dima25997: folds 
Uncalled bet (3600) returned to Dugang28
Dugang28 collected 7200 from pot
*** SUMMARY ***
Total pot 7200 | Rake 0 
Board [Ks 6h Ah]
Seat 1: manocaio (button) folded before Flop (didn't bet)
Seat 2: Dima25997 (small blind) folded on the Flop
Seat 3: Dugang28 (big blind) collected (7200)
Seat 4: Andrew_Andrew31 folded before Flop (didn't bet)
Seat 5: Psux0z folded before Flop (didn't bet)
Seat 6: Gabrielfs13 folded before Flop (didn't bet)
Seat 7: Yasuke17 folded before Flop (didn't bet)
Seat 8: tsarevets folded before Flop (didn't bet)



PokerStars Hand #257175480217: Tournament #3912518874, $4.90+$4.90+$1.20 USD Hold'em No Limit - Level XIII (400/800) - 2025/08/01 18:26:54 BRT [2025/08/01 17:26:54 ET]
Table '3912518874 166' 8-max Seat #2 is the button
Seat 1: manocaio (35280 in chips) 
Seat 2: Dima25997 (10470 in chips) 
Seat 3: Dugang28 (17590 in chips) 
Seat 4: Andrew_Andrew31 (12750 in chips) 
Seat 5: Psux0z (24190 in chips) 
Seat 6: Gabrielfs13 (18310 in chips) 
Seat 7: Yasuke17 (12438 in chips) 
Seat 8: tsarevets (6100 in chips) 
manocaio: posts the ante 100
Dima25997: posts the ante 100
Dugang28: posts the ante 100
Andrew_Andrew31: posts the ante 100
Psux0z: posts the ante 100
Gabrielfs13: posts the ante 100
Yasuke17: posts the ante 100
tsarevets: posts the ante 100
Dugang28: posts small blind 400
Andrew_Andrew31: posts big blind 800
*** HOLE CARDS ***
Dealt to Gabrielfs13 [Qc Kc]
Psux0z: folds 
Gabrielfs13: raises 800 to 1600
Yasuke17: raises 10738 to 12338 and is all-in
tsarevets: folds 
manocaio: folds 
Dima25997: calls 10370 and is all-in
Dugang28 has timed out
Dugang28: folds 
Dugang28 is sitting out
Andrew_Andrew31: folds 
Gabrielfs13: calls 10738
*** FLOP *** [8h 9c Ts]
*** TURN *** [8h 9c Ts] [8c]
*** RIVER *** [8h 9c Ts 8c] [Jc]
*** SHOW DOWN ***
Gabrielfs13: shows [Qc Kc] (a flush, King high)
Yasuke17: shows [Jd Jh] (a full house, Jacks full of Eights)
Yasuke17 collected 3936 from side pot
Dima25997: shows [Ks Ah] (a pair of Eights)
Yasuke17 collected 33110 from main pot
Dima25997 finished the tournament
*** SUMMARY ***
Total pot 37046 Main pot 33110. Side pot 3936. | Rake 0 
Board [8h 9c Ts 8c Jc]
Seat 1: manocaio folded before Flop (didn't bet)
Seat 2: Dima25997 (button) showed [Ks Ah] and lost with a pair of Eights
Seat 3: Dugang28 (small blind) folded before Flop
Seat 4: Andrew_Andrew31 (big blind) folded before Flop
Seat 5: Psux0z folded before Flop (didn't bet)
Seat 6: Gabrielfs13 showed [Qc Kc] and lost with a flush, King high
Seat 7: Yasuke17 showed [Jd Jh] and won (37046) with a full house, Jacks full of Eights
Seat 8: tsarevets folded before Flop (didn't bet)



PokerStars Hand #257175492638: Tournament #3912518874, $4.90+$4.90+$1.20 USD Hold'em No Limit - Level XIV (500/1000) - 2025/08/01 18:27:45 BRT [2025/08/01 17:27:45 ET]
Table '3912518874 166' 8-max Seat #3 is the button
Seat 1: manocaio (35180 in chips) 
Seat 2: YasminChloe06 (10000 in chips) 
Seat 3: Dugang28 (17090 in chips) is sitting out
Seat 4: Andrew_Andrew31 (11850 in chips) 
Seat 5: Psux0z (24090 in chips) 
Seat 6: Gabrielfs13 (5872 in chips) 
Seat 7: Yasuke17 (37046 in chips) 
Seat 8: tsarevets (6000 in chips) 
manocaio: posts the ante 120
YasminChloe06: posts the ante 120
Dugang28: posts the ante 120
Andrew_Andrew31: posts the ante 120
Psux0z: posts the ante 120
Gabrielfs13: posts the ante 120
Yasuke17: posts the ante 120
tsarevets: posts the ante 120
Andrew_Andrew31: posts small blind 500
Psux0z: posts big blind 1000
*** HOLE CARDS ***
Dealt to Gabrielfs13 [Kh 3s]
Gabrielfs13: folds 
Yasuke17: folds 
tsarevets: folds 
manocaio: folds 
YasminChloe06: folds 
Dugang28: folds 
Andrew_Andrew31: calls 500
Dugang28 has returned
Psux0z: raises 11000 to 12000
Andrew_Andrew31: folds 
Uncalled bet (11000) returned to Psux0z
Psux0z collected 2960 from pot
Psux0z: doesn't show hand 
*** SUMMARY ***
Total pot 2960 | Rake 0 
Seat 1: manocaio folded before Flop (didn't bet)
Seat 2: YasminChloe06 folded before Flop (didn't bet)
Seat 3: Dugang28 (button) folded before Flop (didn't bet)
Seat 4: Andrew_Andrew31 (small blind) folded before Flop
Seat 5: Psux0z (big blind) collected (2960)
Seat 6: Gabrielfs13 folded before Flop (didn't bet)
Seat 7: Yasuke17 folded before Flop (didn't bet)
Seat 8: tsarevets folded before Flop (didn't bet)



PokerStars Hand #257175499796: Tournament #3912518874, $4.90+$4.90+$1.20 USD Hold'em No Limit - Level XIV (500/1000) - 2025/08/01 18:28:14 BRT [2025/08/01 17:28:14 ET]
Table '3912518874 166' 8-max Seat #4 is the button
Seat 1: manocaio (35060 in chips) 
Seat 2: YasminChloe06 (9880 in chips) 
Seat 3: Dugang28 (16970 in chips) 
Seat 4: Andrew_Andrew31 (10730 in chips) 
Seat 5: Psux0z (25930 in chips) 
Seat 6: Gabrielfs13 (5752 in chips) 
Seat 7: Yasuke17 (36926 in chips) 
Seat 8: tsarevets (5880 in chips) 
manocaio: posts the ante 120
YasminChloe06: posts the ante 120
Dugang28: posts the ante 120
Andrew_Andrew31: posts the ante 120
Psux0z: posts the ante 120
Gabrielfs13: posts the ante 120
Yasuke17: posts the ante 120
tsarevets: posts the ante 120
Psux0z: posts small blind 500
Gabrielfs13: posts big blind 1000
*** HOLE CARDS ***
Dealt to Gabrielfs13 [Qd 3s]
Yasuke17: folds 
tsarevets: folds 
manocaio: raises 1000 to 2000
YasminChloe06: folds 
Dugang28: raises 1000 to 3000
Andrew_Andrew31: folds 
Psux0z: folds 
Gabrielfs13: folds 
manocaio: raises 31940 to 34940 and is all-in
Dugang28: folds 
Uncalled bet (31940) returned to manocaio
manocaio collected 8460 from pot
manocaio: doesn't show hand 
*** SUMMARY ***
Total pot 8460 | Rake 0 
Seat 1: manocaio collected (8460)
Seat 2: YasminChloe06 folded before Flop (didn't bet)
Seat 3: Dugang28 folded before Flop
Seat 4: Andrew_Andrew31 (button) folded before Flop (didn't bet)
Seat 5: Psux0z (small blind) folded before Flop
Seat 6: Gabrielfs13 (big blind) folded before Flop
Seat 7: Yasuke17 folded before Flop (didn't bet)
Seat 8: tsarevets folded before Flop (didn't bet)



PokerStars Hand #257175510916: Tournament #3912518874, $4.90+$4.90+$1.20 USD Hold'em No Limit - Level XIV (500/1000) - 2025/08/01 18:28:59 BRT [2025/08/01 17:28:59 ET]
Table '3912518874 166' 8-max Seat #5 is the button
Seat 1: manocaio (40400 in chips) 
Seat 2: YasminChloe06 (9760 in chips) 
Seat 3: Dugang28 (13850 in chips) 
Seat 4: Andrew_Andrew31 (10610 in chips) 
Seat 5: Psux0z (25310 in chips) 
Seat 6: Gabrielfs13 (4632 in chips) 
Seat 7: Yasuke17 (36806 in chips) 
Seat 8: tsarevets (5760 in chips) 
manocaio: posts the ante 120
YasminChloe06: posts the ante 120
Dugang28: posts the ante 120
Andrew_Andrew31: posts the ante 120
Psux0z: posts the ante 120
Gabrielfs13: posts the ante 120
Yasuke17: posts the ante 120
tsarevets: posts the ante 120
Gabrielfs13: posts small blind 500
Yasuke17: posts big blind 1000
*** HOLE CARDS ***
Dealt to Gabrielfs13 [4s 5s]
tsarevets: folds 
manocaio: folds 
YasminChloe06: folds 
Dugang28: raises 2000 to 3000
Andrew_Andrew31: folds 
Psux0z: folds 
Gabrielfs13: folds 
Yasuke17: folds 
Uncalled bet (2000) returned to Dugang28
Dugang28 collected 3460 from pot
*** SUMMARY ***
Total pot 3460 | Rake 0 
Seat 1: manocaio folded before Flop (didn't bet)
Seat 2: YasminChloe06 folded before Flop (didn't bet)
Seat 3: Dugang28 collected (3460)
Seat 4: Andrew_Andrew31 folded before Flop (didn't bet)
Seat 5: Psux0z (button) folded before Flop (didn't bet)
Seat 6: Gabrielfs13 (small blind) folded before Flop
Seat 7: Yasuke17 (big blind) folded before Flop
Seat 8: tsarevets folded before Flop (didn't bet)



PokerStars Hand #257175518717: Tournament #3912518874, $4.90+$4.90+$1.20 USD Hold'em No Limit - Level XIV (500/1000) - 2025/08/01 18:29:30 BRT [2025/08/01 17:29:30 ET]
Table '3912518874 166' 8-max Seat #6 is the button
Seat 1: manocaio (40280 in chips) 
Seat 2: YasminChloe06 (9640 in chips) 
Seat 3: Dugang28 (16190 in chips) 
Seat 4: Andrew_Andrew31 (10490 in chips) 
Seat 5: Psux0z (25190 in chips) 
Seat 6: Gabrielfs13 (4012 in chips) 
Seat 7: Yasuke17 (35686 in chips) 
Seat 8: tsarevets (5640 in chips) 
manocaio: posts the ante 120
YasminChloe06: posts the ante 120
Dugang28: posts the ante 120
Andrew_Andrew31: posts the ante 120
Psux0z: posts the ante 120
Gabrielfs13: posts the ante 120
Yasuke17: posts the ante 120
tsarevets: posts the ante 120
Yasuke17: posts small blind 500
tsarevets: posts big blind 1000
*** HOLE CARDS ***
Dealt to Gabrielfs13 [5d Qs]
manocaio: folds 
YasminChloe06: folds 
Dugang28: raises 1000 to 2000
Andrew_Andrew31: folds 
Psux0z: calls 2000
Gabrielfs13: folds 
Yasuke17: folds 
tsarevets: folds 
*** FLOP *** [4s 6d 3h]
Dugang28: bets 6460
Psux0z: calls 6460
*** TURN *** [4s 6d 3h] [5s]
Dugang28: bets 7610 and is all-in
Psux0z: calls 7610
*** RIVER *** [4s 6d 3h 5s] [Ah]
*** SHOW DOWN ***
Dugang28: shows [Ks 6s] (a pair of Sixes)
Psux0z: shows [Kd Qh] (high card Ace)
Dugang28 collected 34600 from pot
*** SUMMARY ***
Total pot 34600 | Rake 0 
Board [4s 6d 3h 5s Ah]
Seat 1: manocaio folded before Flop (didn't bet)
Seat 2: YasminChloe06 folded before Flop (didn't bet)
Seat 3: Dugang28 showed [Ks 6s] and won (34600) with a pair of Sixes
Seat 4: Andrew_Andrew31 folded before Flop (didn't bet)
Seat 5: Psux0z showed [Kd Qh] and lost with high card Ace
Seat 6: Gabrielfs13 (button) folded before Flop (didn't bet)
Seat 7: Yasuke17 (small blind) folded before Flop
Seat 8: tsarevets (big blind) folded before Flop



PokerStars Hand #257175531657: Tournament #3912518874, $4.90+$4.90+$1.20 USD Hold'em No Limit - Level XIV (500/1000) - 2025/08/01 18:30:22 BRT [2025/08/01 17:30:22 ET]
Table '3912518874 166' 8-max Seat #7 is the button
Seat 1: manocaio (40160 in chips) 
Seat 2: YasminChloe06 (9520 in chips) 
Seat 3: Dugang28 (34600 in chips) 
Seat 4: Andrew_Andrew31 (10370 in chips) 
Seat 5: Psux0z (9000 in chips) 
Seat 6: Gabrielfs13 (3892 in chips) 
Seat 7: Yasuke17 (35066 in chips) 
Seat 8: tsarevets (4520 in chips) 
manocaio: posts the ante 120
YasminChloe06: posts the ante 120
Dugang28: posts the ante 120
Andrew_Andrew31: posts the ante 120
Psux0z: posts the ante 120
Gabrielfs13: posts the ante 120
Yasuke17: posts the ante 120
tsarevets: posts the ante 120
tsarevets: posts small blind 500
manocaio: posts big blind 1000
*** HOLE CARDS ***
Dealt to Gabrielfs13 [7d 4s]
YasminChloe06: folds 
Dugang28: raises 2000 to 3000
Andrew_Andrew31: folds 
Psux0z: folds 
Gabrielfs13: folds 
Yasuke17: folds 
tsarevets: folds 
manocaio: calls 2000
*** FLOP *** [2s As 7c]
manocaio: checks 
Dugang28: bets 3730
manocaio: folds 
Uncalled bet (3730) returned to Dugang28
Dugang28 collected 7460 from pot
*** SUMMARY ***
Total pot 7460 | Rake 0 
Board [2s As 7c]
Seat 1: manocaio (big blind) folded on the Flop
Seat 2: YasminChloe06 folded before Flop (didn't bet)
Seat 3: Dugang28 collected (7460)
Seat 4: Andrew_Andrew31 folded before Flop (didn't bet)
Seat 5: Psux0z folded before Flop (didn't bet)
Seat 6: Gabrielfs13 folded before Flop (didn't bet)
Seat 7: Yasuke17 (button) folded before Flop (didn't bet)
Seat 8: tsarevets (small blind) folded before Flop



PokerStars Hand #257175539441: Tournament #3912518874, $4.90+$4.90+$1.20 USD Hold'em No Limit - Level XIV (500/1000) - 2025/08/01 18:30:54 BRT [2025/08/01 17:30:54 ET]
Table '3912518874 166' 8-max Seat #8 is the button
Seat 1: manocaio (37040 in chips) 
Seat 2: YasminChloe06 (9400 in chips) 
Seat 3: Dugang28 (38940 in chips) 
Seat 4: Andrew_Andrew31 (10250 in chips) 
Seat 5: Psux0z (8880 in chips) 
Seat 6: Gabrielfs13 (3772 in chips) 
Seat 7: Yasuke17 (34946 in chips) 
Seat 8: tsarevets (3900 in chips) 
manocaio: posts the ante 120
YasminChloe06: posts the ante 120
Dugang28: posts the ante 120
Andrew_Andrew31: posts the ante 120
Psux0z: posts the ante 120
Gabrielfs13: posts the ante 120
Yasuke17: posts the ante 120
tsarevets: posts the ante 120
manocaio: posts small blind 500
YasminChloe06: posts big blind 1000
*** HOLE CARDS ***
Dealt to Gabrielfs13 [4s Qc]
Dugang28: raises 1000 to 2000
Andrew_Andrew31: folds 
Psux0z: raises 6760 to 8760 and is all-in
Gabrielfs13: folds 
Yasuke17: folds 
tsarevets: folds 
manocaio: folds 
YasminChloe06: folds 
Dugang28: calls 6760
*** FLOP *** [3d 5d 6c]
*** TURN *** [3d 5d 6c] [Qs]
*** RIVER *** [3d 5d 6c Qs] [Ts]
*** SHOW DOWN ***
Dugang28: shows [9h 9s] (a pair of Nines)
Psux0z: shows [Tc 7c] (a pair of Tens)
Psux0z collected 19980 from pot
*** SUMMARY ***
Total pot 19980 | Rake 0 
Board [3d 5d 6c Qs Ts]
Seat 1: manocaio (small blind) folded before Flop
Seat 2: YasminChloe06 (big blind) folded before Flop
Seat 3: Dugang28 showed [9h 9s] and lost with a pair of Nines
Seat 4: Andrew_Andrew31 folded before Flop (didn't bet)
Seat 5: Psux0z showed [Tc 7c] and won (19980) with a pair of Tens
Seat 6: Gabrielfs13 folded before Flop (didn't bet)
Seat 7: Yasuke17 folded before Flop (didn't bet)
Seat 8: tsarevets (button) folded before Flop (didn't bet)



PokerStars Hand #257175548168: Tournament #3912518874, $4.90+$4.90+$1.20 USD Hold'em No Limit - Level XIV (500/1000) - 2025/08/01 18:31:28 BRT [2025/08/01 17:31:28 ET]
Table '3912518874 166' 8-max Seat #1 is the button
Seat 1: manocaio (36420 in chips) 
Seat 2: YasminChloe06 (8280 in chips) 
Seat 3: Dugang28 (30060 in chips) 
Seat 4: Andrew_Andrew31 (10130 in chips) 
Seat 5: Psux0z (19980 in chips) 
Seat 6: Gabrielfs13 (3652 in chips) 
Seat 7: Yasuke17 (34826 in chips) 
Seat 8: tsarevets (3780 in chips) 
manocaio: posts the ante 120
YasminChloe06: posts the ante 120
Dugang28: posts the ante 120
Andrew_Andrew31: posts the ante 120
Psux0z: posts the ante 120
Gabrielfs13: posts the ante 120
Yasuke17: posts the ante 120
tsarevets: posts the ante 120
YasminChloe06: posts small blind 500
Dugang28: posts big blind 1000
*** HOLE CARDS ***
Dealt to Gabrielfs13 [8d 3s]
Andrew_Andrew31: folds 
Psux0z: folds 
Gabrielfs13: folds 
Yasuke17: folds 
tsarevets: folds 
manocaio: raises 1000 to 2000
YasminChloe06: folds 
Dugang28: calls 1000
*** FLOP *** [8s 2h 6s]
Dugang28 has timed out
Dugang28: checks 
manocaio: checks 
*** TURN *** [8s 2h 6s] [Qc]
Dugang28: checks 
manocaio: bets 2690
Dugang28: folds 
Uncalled bet (2690) returned to manocaio
manocaio collected 5460 from pot
manocaio: doesn't show hand 
*** SUMMARY ***
Total pot 5460 | Rake 0 
Board [8s 2h 6s Qc]
Seat 1: manocaio (button) collected (5460)
Seat 2: YasminChloe06 (small blind) folded before Flop
Seat 3: Dugang28 (big blind) folded on the Turn
Seat 4: Andrew_Andrew31 folded before Flop (didn't bet)
Seat 5: Psux0z folded before Flop (didn't bet)
Seat 6: Gabrielfs13 folded before Flop (didn't bet)
Seat 7: Yasuke17 folded before Flop (didn't bet)
Seat 8: tsarevets folded before Flop (didn't bet)



PokerStars Hand #257175562949: Tournament #3912518874, $4.90+$4.90+$1.20 USD Hold'em No Limit - Level XIV (500/1000) - 2025/08/01 18:32:29 BRT [2025/08/01 17:32:29 ET]
Table '3912518874 166' 8-max Seat #2 is the button
Seat 1: manocaio (39760 in chips) 
Seat 2: YasminChloe06 (7660 in chips) 
Seat 3: Dugang28 (27940 in chips) 
Seat 4: Andrew_Andrew31 (10010 in chips) 
Seat 5: Psux0z (19860 in chips) 
Seat 6: Gabrielfs13 (3532 in chips) 
Seat 7: Yasuke17 (34706 in chips) 
Seat 8: tsarevets (3660 in chips) 
manocaio: posts the ante 120
YasminChloe06: posts the ante 120
Dugang28: posts the ante 120
Andrew_Andrew31: posts the ante 120
Psux0z: posts the ante 120
Gabrielfs13: posts the ante 120
Yasuke17: posts the ante 120
tsarevets: posts the ante 120
Dugang28: posts small blind 500
Andrew_Andrew31: posts big blind 1000
*** HOLE CARDS ***
Dealt to Gabrielfs13 [4h Ks]
Psux0z: folds 
Gabrielfs13: raises 2412 to 3412 and is all-in
Yasuke17: folds 
tsarevets: folds 
manocaio: folds 
YasminChloe06: folds 
Dugang28: folds 
Andrew_Andrew31: calls 2412
*** FLOP *** [Ah Tc Th]
*** TURN *** [Ah Tc Th] [3h]
*** RIVER *** [Ah Tc Th 3h] [4d]
*** SHOW DOWN ***
Andrew_Andrew31: shows [Ac 8c] (two pair, Aces and Tens)
Gabrielfs13: shows [4h Ks] (two pair, Tens and Fours)
Andrew_Andrew31 collected 8284 from pot
Gabrielfs13 finished the tournament
*** SUMMARY ***
Total pot 8284 | Rake 0 
Board [Ah Tc Th 3h 4d]
Seat 1: manocaio folded before Flop (didn't bet)
Seat 2: YasminChloe06 (button) folded before Flop (didn't bet)
Seat 3: Dugang28 (small blind) folded before Flop
Seat 4: Andrew_Andrew31 (big blind) showed [Ac 8c] and won (8284) with two pair, Aces and Tens
Seat 5: Psux0z folded before Flop (didn't bet)
Seat 6: Gabrielfs13 showed [4h Ks] and lost with two pair, Tens and Fours
Seat 7: Yasuke17 folded before Flop (didn't bet)
Seat 8: tsarevets folded before Flop (didn't bet)



