PokerStars Hand #257263837707: Tournament #3916203240, $7.20+$7.50+$1.80 USD Hold'em No Limit - Level II (30/60) - 2025/08/08 14:38:16 BRT [2025/08/08 13:38:16 ET]
Table '3916203240 49' 8-max Seat #2 is the button
Seat 1: Gabrielfs13 (5000 in chips, $7.50 bounty) 
Seat 2: 08621 (2710 in chips, $7.50 bounty) 
Seat 3: ShoveJr (5315 in chips, $7.50 bounty) 
Seat 4: Tullioint (18 in chips, $7.50 bounty) 
Seat 5: SharkMr (4958 in chips, $7.50 bounty) 
Seat 6: Kathi1485 (14832 in chips, $11.25 bounty) 
Seat 7: rodsferraz (5258 in chips, $7.50 bounty) 
Gabrielfs13: posts the ante 9
08621: posts the ante 9
ShoveJr: posts the ante 9
Tullioint: posts the ante 9
SharkMr: posts the ante 9
Kathi1485: posts the ante 9
rodsferraz: posts the ante 9
ShoveJr: posts small blind 30
Tullioint: posts big blind 9 and is all-in
*** HOLE CARDS ***
Dealt to Gabrielfs13 [3c Jh]
Mir0nchik is disconnected 
SharkMr: folds 
Kathi1485: calls 60
rodsferraz: raises 540 to 600
Gabrielfs13: folds 
08621: folds 
ShoveJr: folds 
Kathi1485: folds 
Uncalled bet (540) returned to rodsferraz
*** FLOP *** [6c Jd 9c]
*** TURN *** [6c Jd 9c] [9s]
*** RIVER *** [6c Jd 9c 9s] [Qc]
*** SHOW DOWN ***
rodsferraz: shows [Ad 2d] (a pair of Nines)
rodsferraz collected 123 from side pot
Tullioint: shows [2c Ac] (a flush, Ace high)
Tullioint collected 99 from main pot
*** SUMMARY ***
Total pot 222 Main pot 99. Side pot 123. | Rake 0 
Board [6c Jd 9c 9s Qc]
Seat 1: Gabrielfs13 folded before Flop (didn't bet)
Seat 2: 08621 (button) folded before Flop (didn't bet)
Seat 3: ShoveJr (small blind) folded before Flop
Seat 4: Tullioint (big blind) showed [2c Ac] and won (99) with a flush, Ace high
Seat 5: SharkMr folded before Flop (didn't bet)
Seat 6: Kathi1485 folded before Flop
Seat 7: rodsferraz showed [Ad 2d] and won (123) with a pair of Nines



PokerStars Hand #257263846835: Tournament #3916203240, $7.20+$7.50+$1.80 USD Hold'em No Limit - Level II (30/60) - 2025/08/08 14:39:01 BRT [2025/08/08 13:39:01 ET]
Table '3916203240 49' 8-max Seat #3 is the button
Seat 1: Gabrielfs13 (4991 in chips, $7.50 bounty) 
Seat 2: 08621 (2701 in chips, $7.50 bounty) 
Seat 3: ShoveJr (5276 in chips, $7.50 bounty) 
Seat 4: Tullioint (99 in chips, $7.50 bounty) 
Seat 5: SharkMr (4949 in chips, $7.50 bounty) 
Seat 6: Kathi1485 (14763 in chips, $11.25 bounty) 
Seat 7: rodsferraz (5312 in chips, $7.50 bounty) 
Seat 8: Mir0nchik (5000 in chips, $7.50 bounty) 
Gabrielfs13: posts the ante 9
08621: posts the ante 9
ShoveJr: posts the ante 9
Tullioint: posts the ante 9
SharkMr: posts the ante 9
Kathi1485: posts the ante 9
rodsferraz: posts the ante 9
Mir0nchik: posts the ante 9
Tullioint: posts small blind 30
SharkMr: posts big blind 60
*** HOLE CARDS ***
Dealt to Gabrielfs13 [Qh Ac]
Kathi1485: folds 
rodsferraz: folds 
Mir0nchik: folds 
Gabrielfs13: raises 60 to 120
08621: folds 
ShoveJr: folds 
Tullioint: calls 60 and is all-in
SharkMr: calls 60
*** FLOP *** [Ad 2s Qc]
SharkMr: checks 
Gabrielfs13: bets 201
SharkMr: calls 201
*** TURN *** [Ad 2s Qc] [6s]
SharkMr: checks 
Gabrielfs13: bets 1110
SharkMr: folds 
Uncalled bet (1110) returned to Gabrielfs13
*** RIVER *** [Ad 2s Qc 6s] [3s]
*** SHOW DOWN ***
Gabrielfs13: shows [Qh Ac] (two pair, Aces and Queens)
Gabrielfs13 collected 462 from side pot
Tullioint: shows [Ah 4h] (a pair of Aces)
Gabrielfs13 collected 342 from main pot
Gabrielfs13 wins $3.75 for eliminating Tullioint and their own bounty increases by $3.75 to $11.25
Tullioint finished the tournament
*** SUMMARY ***
Total pot 804 Main pot 342. Side pot 462. | Rake 0 
Board [Ad 2s Qc 6s 3s]
Seat 1: Gabrielfs13 showed [Qh Ac] and won (804) with two pair, Aces and Queens
Seat 2: 08621 folded before Flop (didn't bet)
Seat 3: ShoveJr (button) folded before Flop (didn't bet)
Seat 4: Tullioint (small blind) showed [Ah 4h] and lost with a pair of Aces
Seat 5: SharkMr (big blind) folded on the Turn
Seat 6: Kathi1485 folded before Flop (didn't bet)
Seat 7: rodsferraz folded before Flop (didn't bet)
Seat 8: Mir0nchik folded before Flop (didn't bet)



PokerStars Hand #257263859872: Tournament #3916203240, $7.20+$7.50+$1.80 USD Hold'em No Limit - Level II (30/60) - 2025/08/08 14:40:08 BRT [2025/08/08 13:40:08 ET]
Table '3916203240 49' 8-max Seat #5 is the button
Seat 1: Gabrielfs13 (5465 in chips, $11.25 bounty) 
Seat 2: 08621 (2692 in chips, $7.50 bounty) 
Seat 3: ShoveJr (5267 in chips, $7.50 bounty) 
Seat 5: SharkMr (4619 in chips, $7.50 bounty) 
Seat 6: Kathi1485 (14754 in chips, $11.25 bounty) 
Seat 7: rodsferraz (5303 in chips, $7.50 bounty) 
Seat 8: Mir0nchik (4991 in chips, $7.50 bounty) 
Gabrielfs13: posts the ante 9
08621: posts the ante 9
ShoveJr: posts the ante 9
SharkMr: posts the ante 9
Kathi1485: posts the ante 9
rodsferraz: posts the ante 9
Mir0nchik: posts the ante 9
Kathi1485: posts small blind 30
rodsferraz: posts big blind 60
*** HOLE CARDS ***
Dealt to Gabrielfs13 [8c 6c]
Fredde14 is disconnected 
Mir0nchik: folds 
Gabrielfs13: folds 
08621: folds 
ShoveJr: raises 60 to 120
SharkMr: folds 
Kathi1485: calls 90
rodsferraz: folds 
*** FLOP *** [5s As 5c]
Kathi1485: bets 360
ShoveJr: calls 360
*** TURN *** [5s As 5c] [7c]
Kathi1485: checks 
ShoveJr: checks 
*** RIVER *** [5s As 5c 7c] [4c]
Kathi1485: bets 1083
ShoveJr: folds 
Uncalled bet (1083) returned to Kathi1485
Kathi1485 collected 1083 from pot
Kathi1485: doesn't show hand 
*** SUMMARY ***
Total pot 1083 | Rake 0 
Board [5s As 5c 7c 4c]
Seat 1: Gabrielfs13 folded before Flop (didn't bet)
Seat 2: 08621 folded before Flop (didn't bet)
Seat 3: ShoveJr folded on the River
Seat 5: SharkMr (button) folded before Flop (didn't bet)
Seat 6: Kathi1485 (small blind) collected (1083)
Seat 7: rodsferraz (big blind) folded before Flop
Seat 8: Mir0nchik folded before Flop (didn't bet)



PokerStars Hand #257263876219: Tournament #3916203240, $7.20+$7.50+$1.80 USD Hold'em No Limit - Level II (30/60) - 2025/08/08 14:41:30 BRT [2025/08/08 13:41:30 ET]
Table '3916203240 49' 8-max Seat #6 is the button
Seat 1: Gabrielfs13 (5456 in chips, $11.25 bounty) 
Seat 2: 08621 (2683 in chips, $7.50 bounty) 
Seat 3: ShoveJr (4778 in chips, $7.50 bounty) 
Seat 4: Fredde14 (5000 in chips, $7.50 bounty) 
Seat 5: SharkMr (4610 in chips, $7.50 bounty) 
Seat 6: Kathi1485 (15348 in chips, $11.25 bounty) 
Seat 7: rodsferraz (5234 in chips, $7.50 bounty) 
Seat 8: Mir0nchik (4982 in chips, $7.50 bounty) 
Gabrielfs13: posts the ante 9
08621: posts the ante 9
ShoveJr: posts the ante 9
Fredde14: posts the ante 9
SharkMr: posts the ante 9
Kathi1485: posts the ante 9
rodsferraz: posts the ante 9
Mir0nchik: posts the ante 9
rodsferraz: posts small blind 30
Mir0nchik: posts big blind 60
*** HOLE CARDS ***
Dealt to Gabrielfs13 [4c 9d]
Gabrielfs13: folds 
08621: folds 
ShoveJr: raises 60 to 120
Fredde14: calls 120
SharkMr: calls 120
Kathi1485: folds 
rodsferraz: folds 
Mir0nchik: calls 60
*** FLOP *** [8d 7d 5h]
Mir0nchik: checks 
ShoveJr: checks 
Fredde14: checks 
SharkMr: checks 
*** TURN *** [8d 7d 5h] [Ah]
Mir0nchik: checks 
ShoveJr: checks 
Fredde14: checks 
SharkMr: checks 
*** RIVER *** [8d 7d 5h Ah] [3d]
Mir0nchik: checks 
ShoveJr: checks 
Fredde14: checks 
SharkMr: checks 
*** SHOW DOWN ***
Mir0nchik: shows [4h Jh] (high card Ace)
ShoveJr: shows [Qc Qd] (a pair of Queens)
Fredde14: mucks hand 
SharkMr: mucks hand 
ShoveJr collected 582 from pot
*** SUMMARY ***
Total pot 582 | Rake 0 
Board [8d 7d 5h Ah 3d]
Seat 1: Gabrielfs13 folded before Flop (didn't bet)
Seat 2: 08621 folded before Flop (didn't bet)
Seat 3: ShoveJr showed [Qc Qd] and won (582) with a pair of Queens
Seat 4: Fredde14 mucked [Qh Th]
Seat 5: SharkMr mucked [2c 9c]
Seat 6: Kathi1485 (button) folded before Flop (didn't bet)
Seat 7: rodsferraz (small blind) folded before Flop
Seat 8: Mir0nchik (big blind) showed [4h Jh] and lost with high card Ace



PokerStars Hand #257263902394: Tournament #3916203240, $7.20+$7.50+$1.80 USD Hold'em No Limit - Level II (30/60) - 2025/08/08 14:43:41 BRT [2025/08/08 13:43:41 ET]
Table '3916203240 81' 8-max Seat #1 is the button
Seat 1: tutyaret_fin (4598 in chips, $7.50 bounty) 
Seat 2: Gabrielfs13 (5447 in chips, $11.25 bounty) 
Seat 3: Princess_C4 (4570 in chips, $7.50 bounty) 
Seat 4: facunha (8510 in chips, $11.25 bounty) 
Seat 6: UpayMyBarbecue (5000 in chips, $7.50 bounty) 
tutyaret_fin: posts the ante 9
Gabrielfs13: posts the ante 9
Princess_C4: posts the ante 9
facunha: posts the ante 9
UpayMyBarbecue: posts the ante 9
Gabrielfs13: posts small blind 30
Princess_C4: posts big blind 60
*** HOLE CARDS ***
Dealt to Gabrielfs13 [Qs 7c]
sergik31 is disconnected 
facunha is disconnected 
logan15440 is disconnected 
facunha is connected 
facunha: folds 
UpayMyBarbecue: folds 
tutyaret_fin: raises 60 to 120
Gabrielfs13: folds 
Princess_C4: calls 60
*** FLOP *** [4h Ts 3c]
ema_4196 is disconnected 
Princess_C4: checks 
tutyaret_fin: bets 94
Princess_C4: calls 94
*** TURN *** [4h Ts 3c] [9d]
Princess_C4: checks 
tutyaret_fin: checks 
*** RIVER *** [4h Ts 3c 9d] [6c]
Princess_C4: bets 206
tutyaret_fin: calls 206
*** SHOW DOWN ***
Princess_C4: shows [Th Ks] (a pair of Tens)
tutyaret_fin: mucks hand 
Princess_C4 collected 915 from pot
*** SUMMARY ***
Total pot 915 | Rake 0 
Board [4h Ts 3c 9d 6c]
Seat 1: tutyaret_fin (button) mucked [4d As]
Seat 2: Gabrielfs13 (small blind) folded before Flop
Seat 3: Princess_C4 (big blind) showed [Th Ks] and won (915) with a pair of Tens
Seat 4: facunha folded before Flop (didn't bet)
Seat 6: UpayMyBarbecue folded before Flop (didn't bet)



PokerStars Hand #257263913042: Tournament #3916203240, $7.20+$7.50+$1.80 USD Hold'em No Limit - Level II (30/60) - 2025/08/08 14:44:35 BRT [2025/08/08 13:44:35 ET]
Table '3916203240 81' 8-max Seat #2 is the button
Seat 1: tutyaret_fin (4169 in chips, $7.50 bounty) 
Seat 2: Gabrielfs13 (5408 in chips, $11.25 bounty) 
Seat 3: Princess_C4 (5056 in chips, $7.50 bounty) 
Seat 4: facunha (8501 in chips, $11.25 bounty) 
Seat 5: logan15440 (9032 in chips, $7.50 bounty) 
Seat 6: UpayMyBarbecue (4991 in chips, $7.50 bounty) 
Seat 7: sergik31 (4476 in chips, $7.50 bounty) 
Seat 8: ema_4196 (5000 in chips, $7.50 bounty) 
tutyaret_fin: posts the ante 9
Gabrielfs13: posts the ante 9
Princess_C4: posts the ante 9
facunha: posts the ante 9
logan15440: posts the ante 9
UpayMyBarbecue: posts the ante 9
sergik31: posts the ante 9
ema_4196: posts the ante 9
Princess_C4: posts small blind 30
facunha: posts big blind 60
*** HOLE CARDS ***
Dealt to Gabrielfs13 [6s Jh]
logan15440: folds 
UpayMyBarbecue: raises 60 to 120
sergik31: folds 
ema_4196: folds 
tutyaret_fin: folds 
Gabrielfs13: folds 
Princess_C4: folds 
facunha: raises 360 to 480
UpayMyBarbecue: folds 
Uncalled bet (360) returned to facunha
facunha collected 342 from pot
*** SUMMARY ***
Total pot 342 | Rake 0 
Seat 1: tutyaret_fin folded before Flop (didn't bet)
Seat 2: Gabrielfs13 (button) folded before Flop (didn't bet)
Seat 3: Princess_C4 (small blind) folded before Flop
Seat 4: facunha (big blind) collected (342)
Seat 5: logan15440 folded before Flop (didn't bet)
Seat 6: UpayMyBarbecue folded before Flop
Seat 7: sergik31 folded before Flop (didn't bet)
Seat 8: ema_4196 folded before Flop (didn't bet)



PokerStars Hand #257263920174: Tournament #3916203240, $7.20+$7.50+$1.80 USD Hold'em No Limit - Level II (30/60) - 2025/08/08 14:45:11 BRT [2025/08/08 13:45:11 ET]
Table '3916203240 81' 8-max Seat #3 is the button
Seat 1: tutyaret_fin (4160 in chips, $7.50 bounty) 
Seat 2: Gabrielfs13 (5399 in chips, $11.25 bounty) 
Seat 3: Princess_C4 (5017 in chips, $7.50 bounty) 
Seat 4: facunha (8714 in chips, $11.25 bounty) 
Seat 5: logan15440 (9023 in chips, $7.50 bounty) 
Seat 6: UpayMyBarbecue (4862 in chips, $7.50 bounty) 
Seat 7: sergik31 (4467 in chips, $7.50 bounty) 
Seat 8: ema_4196 (4991 in chips, $7.50 bounty) 
tutyaret_fin: posts the ante 9
Gabrielfs13: posts the ante 9
Princess_C4: posts the ante 9
facunha: posts the ante 9
logan15440: posts the ante 9
UpayMyBarbecue: posts the ante 9
sergik31: posts the ante 9
ema_4196: posts the ante 9
facunha: posts small blind 30
logan15440: posts big blind 60
*** HOLE CARDS ***
Dealt to Gabrielfs13 [Jc Qh]
UpayMyBarbecue: folds 
sergik31: raises 90 to 150
ema_4196: folds 
tutyaret_fin: folds 
Gabrielfs13: folds 
Princess_C4: folds 
facunha: folds 
logan15440: calls 90
*** FLOP *** [6h As 7s]
logan15440: checks 
sergik31: bets 133
logan15440: calls 133
*** TURN *** [6h As 7s] [Jh]
logan15440: checks 
sergik31: checks 
*** RIVER *** [6h As 7s Jh] [Ac]
logan15440: bets 180
sergik31: calls 180
*** SHOW DOWN ***
logan15440: shows [4d 4c] (two pair, Aces and Fours)
sergik31: shows [Kd Kh] (two pair, Aces and Kings)
sergik31 collected 1028 from pot
*** SUMMARY ***
Total pot 1028 | Rake 0 
Board [6h As 7s Jh Ac]
Seat 1: tutyaret_fin folded before Flop (didn't bet)
Seat 2: Gabrielfs13 folded before Flop (didn't bet)
Seat 3: Princess_C4 (button) folded before Flop (didn't bet)
Seat 4: facunha (small blind) folded before Flop
Seat 5: logan15440 (big blind) showed [4d 4c] and lost with two pair, Aces and Fours
Seat 6: UpayMyBarbecue folded before Flop (didn't bet)
Seat 7: sergik31 showed [Kd Kh] and won (1028) with two pair, Aces and Kings
Seat 8: ema_4196 folded before Flop (didn't bet)



PokerStars Hand #257263932217: Tournament #3916203240, $7.20+$7.50+$1.80 USD Hold'em No Limit - Level III (35/70) - 2025/08/08 14:46:12 BRT [2025/08/08 13:46:12 ET]
Table '3916203240 81' 8-max Seat #4 is the button
Seat 1: tutyaret_fin (4151 in chips, $7.50 bounty) 
Seat 2: Gabrielfs13 (5390 in chips, $11.25 bounty) 
Seat 3: Princess_C4 (5008 in chips, $7.50 bounty) 
Seat 4: facunha (8675 in chips, $11.25 bounty) 
Seat 5: logan15440 (8551 in chips, $7.50 bounty) 
Seat 6: UpayMyBarbecue (4853 in chips, $7.50 bounty) 
Seat 7: sergik31 (5023 in chips, $7.50 bounty) 
Seat 8: ema_4196 (4982 in chips, $7.50 bounty) 
tutyaret_fin: posts the ante 11
Gabrielfs13: posts the ante 11
Princess_C4: posts the ante 11
facunha: posts the ante 11
logan15440: posts the ante 11
UpayMyBarbecue: posts the ante 11
sergik31: posts the ante 11
ema_4196: posts the ante 11
logan15440: posts small blind 35
UpayMyBarbecue: posts big blind 70
*** HOLE CARDS ***
Dealt to Gabrielfs13 [Jh 2s]
sergik31: folds 
ema_4196: folds 
tutyaret_fin: folds 
Gabrielfs13: folds 
Princess_C4: folds 
facunha: folds 
logan15440: folds 
Uncalled bet (35) returned to UpayMyBarbecue
UpayMyBarbecue collected 158 from pot
UpayMyBarbecue: doesn't show hand 
*** SUMMARY ***
Total pot 158 | Rake 0 
Seat 1: tutyaret_fin folded before Flop (didn't bet)
Seat 2: Gabrielfs13 folded before Flop (didn't bet)
Seat 3: Princess_C4 folded before Flop (didn't bet)
Seat 4: facunha (button) folded before Flop (didn't bet)
Seat 5: logan15440 (small blind) folded before Flop
Seat 6: UpayMyBarbecue (big blind) collected (158)
Seat 7: sergik31 folded before Flop (didn't bet)
Seat 8: ema_4196 folded before Flop (didn't bet)



PokerStars Hand #257263935044: Tournament #3916203240, $7.20+$7.50+$1.80 USD Hold'em No Limit - Level III (35/70) - 2025/08/08 14:46:26 BRT [2025/08/08 13:46:26 ET]
Table '3916203240 81' 8-max Seat #5 is the button
Seat 1: tutyaret_fin (4140 in chips, $7.50 bounty) 
Seat 2: Gabrielfs13 (5379 in chips, $11.25 bounty) 
Seat 3: Princess_C4 (4997 in chips, $7.50 bounty) 
Seat 4: facunha (8664 in chips, $11.25 bounty) 
Seat 5: logan15440 (8505 in chips, $7.50 bounty) 
Seat 6: UpayMyBarbecue (4965 in chips, $7.50 bounty) 
Seat 7: sergik31 (5012 in chips, $7.50 bounty) 
Seat 8: ema_4196 (4971 in chips, $7.50 bounty) 
tutyaret_fin: posts the ante 11
Gabrielfs13: posts the ante 11
Princess_C4: posts the ante 11
facunha: posts the ante 11
logan15440: posts the ante 11
UpayMyBarbecue: posts the ante 11
sergik31: posts the ante 11
ema_4196: posts the ante 11
UpayMyBarbecue: posts small blind 35
sergik31: posts big blind 70
*** HOLE CARDS ***
Dealt to Gabrielfs13 [Ad Jh]
ema_4196: folds 
tutyaret_fin: folds 
Gabrielfs13: raises 70 to 140
Princess_C4: calls 140
facunha: folds 
logan15440: calls 140
UpayMyBarbecue: raises 805 to 945
sergik31: folds 
Gabrielfs13: folds 
Princess_C4: folds 
logan15440: calls 805
*** FLOP *** [Qh 4d 9h]
UpayMyBarbecue: bets 313
logan15440: raises 7236 to 7549 and is all-in
UpayMyBarbecue: folds 
Uncalled bet (7236) returned to logan15440
logan15440 collected 2954 from pot
logan15440: doesn't show hand 
*** SUMMARY ***
Total pot 2954 | Rake 0 
Board [Qh 4d 9h]
Seat 1: tutyaret_fin folded before Flop (didn't bet)
Seat 2: Gabrielfs13 folded before Flop
Seat 3: Princess_C4 folded before Flop
Seat 4: facunha folded before Flop (didn't bet)
Seat 5: logan15440 (button) collected (2954)
Seat 6: UpayMyBarbecue (small blind) folded on the Flop
Seat 7: sergik31 (big blind) folded before Flop
Seat 8: ema_4196 folded before Flop (didn't bet)



PokerStars Hand #257263949640: Tournament #3916203240, $7.20+$7.50+$1.80 USD Hold'em No Limit - Level III (35/70) - 2025/08/08 14:47:40 BRT [2025/08/08 13:47:40 ET]
Table '3916203240 81' 8-max Seat #6 is the button
Seat 1: tutyaret_fin (4129 in chips, $7.50 bounty) 
Seat 2: Gabrielfs13 (5228 in chips, $11.25 bounty) 
Seat 3: Princess_C4 (4846 in chips, $7.50 bounty) 
Seat 4: facunha (8653 in chips, $11.25 bounty) 
Seat 5: logan15440 (10190 in chips, $7.50 bounty) 
Seat 6: UpayMyBarbecue (3696 in chips, $7.50 bounty) 
Seat 7: sergik31 (4931 in chips, $7.50 bounty) 
Seat 8: ema_4196 (4960 in chips, $7.50 bounty) 
tutyaret_fin: posts the ante 11
Gabrielfs13: posts the ante 11
Princess_C4: posts the ante 11
facunha: posts the ante 11
logan15440: posts the ante 11
UpayMyBarbecue: posts the ante 11
sergik31: posts the ante 11
ema_4196: posts the ante 11
sergik31: posts small blind 35
ema_4196: posts big blind 70
*** HOLE CARDS ***
Dealt to Gabrielfs13 [5h As]
tutyaret_fin: folds 
Gabrielfs13: folds 
Princess_C4: folds 
facunha: folds 
logan15440: folds 
UpayMyBarbecue: raises 70 to 140
sergik31: calls 105
ema_4196: calls 70
*** FLOP *** [5s 5d Ac]
sergik31: checks 
ema_4196: checks 
UpayMyBarbecue: bets 102
sergik31: folds 
ema_4196: folds 
Uncalled bet (102) returned to UpayMyBarbecue
UpayMyBarbecue collected 508 from pot
UpayMyBarbecue: doesn't show hand 
*** SUMMARY ***
Total pot 508 | Rake 0 
Board [5s 5d Ac]
Seat 1: tutyaret_fin folded before Flop (didn't bet)
Seat 2: Gabrielfs13 folded before Flop (didn't bet)
Seat 3: Princess_C4 folded before Flop (didn't bet)
Seat 4: facunha folded before Flop (didn't bet)
Seat 5: logan15440 folded before Flop (didn't bet)
Seat 6: UpayMyBarbecue (button) collected (508)
Seat 7: sergik31 (small blind) folded on the Flop
Seat 8: ema_4196 (big blind) folded on the Flop



PokerStars Hand #257263962197: Tournament #3916203240, $7.20+$7.50+$1.80 USD Hold'em No Limit - Level III (35/70) - 2025/08/08 14:48:43 BRT [2025/08/08 13:48:43 ET]
Table '3916203240 81' 8-max Seat #7 is the button
Seat 1: tutyaret_fin (4118 in chips, $7.50 bounty) 
Seat 2: Gabrielfs13 (5217 in chips, $11.25 bounty) 
Seat 3: Princess_C4 (4835 in chips, $7.50 bounty) 
Seat 4: facunha (8642 in chips, $11.25 bounty) 
Seat 5: logan15440 (10179 in chips, $7.50 bounty) 
Seat 6: UpayMyBarbecue (4053 in chips, $7.50 bounty) 
Seat 7: sergik31 (4780 in chips, $7.50 bounty) 
Seat 8: ema_4196 (4809 in chips, $7.50 bounty) 
tutyaret_fin: posts the ante 11
Gabrielfs13: posts the ante 11
Princess_C4: posts the ante 11
facunha: posts the ante 11
logan15440: posts the ante 11
UpayMyBarbecue: posts the ante 11
sergik31: posts the ante 11
ema_4196: posts the ante 11
ema_4196: posts small blind 35
tutyaret_fin: posts big blind 70
*** HOLE CARDS ***
Dealt to Gabrielfs13 [Jh Ks]
Gabrielfs13: raises 70 to 140
Princess_C4: folds 
facunha: folds 
logan15440: folds 
UpayMyBarbecue: folds 
sergik31: folds 
ema_4196: folds 
tutyaret_fin: calls 70
*** FLOP *** [5s 6h 2s]
tutyaret_fin: bets 133
Gabrielfs13: folds 
Uncalled bet (133) returned to tutyaret_fin
tutyaret_fin collected 403 from pot
tutyaret_fin: doesn't show hand 
*** SUMMARY ***
Total pot 403 | Rake 0 
Board [5s 6h 2s]
Seat 1: tutyaret_fin (big blind) collected (403)
Seat 2: Gabrielfs13 folded on the Flop
Seat 3: Princess_C4 folded before Flop (didn't bet)
Seat 4: facunha folded before Flop (didn't bet)
Seat 5: logan15440 folded before Flop (didn't bet)
Seat 6: UpayMyBarbecue folded before Flop (didn't bet)
Seat 7: sergik31 (button) folded before Flop (didn't bet)
Seat 8: ema_4196 (small blind) folded before Flop



PokerStars Hand #257263968470: Tournament #3916203240, $7.20+$7.50+$1.80 USD Hold'em No Limit - Level III (35/70) - 2025/08/08 14:49:15 BRT [2025/08/08 13:49:15 ET]
Table '3916203240 81' 8-max Seat #8 is the button
Seat 1: tutyaret_fin (4370 in chips, $7.50 bounty) 
Seat 2: Gabrielfs13 (5066 in chips, $11.25 bounty) 
Seat 3: Princess_C4 (4824 in chips, $7.50 bounty) 
Seat 5: logan15440 (10168 in chips, $7.50 bounty) 
Seat 6: UpayMyBarbecue (4042 in chips, $7.50 bounty) 
Seat 7: sergik31 (4769 in chips, $7.50 bounty) 
Seat 8: ema_4196 (4763 in chips, $7.50 bounty) 
tutyaret_fin: posts the ante 11
Gabrielfs13: posts the ante 11
Princess_C4: posts the ante 11
logan15440: posts the ante 11
UpayMyBarbecue: posts the ante 11
sergik31: posts the ante 11
ema_4196: posts the ante 11
tutyaret_fin: posts small blind 35
Gabrielfs13: posts big blind 70
*** HOLE CARDS ***
Dealt to Gabrielfs13 [Jc 3d]
Princess_C4: folds 
logan15440: calls 70
UpayMyBarbecue: folds 
douglaslange is disconnected 
sergik31: folds 
ema_4196: folds 
tutyaret_fin: calls 35
Gabrielfs13: checks 
*** FLOP *** [Qd Qh Js]
tutyaret_fin: checks 
Gabrielfs13: checks 
logan15440: bets 140
tutyaret_fin: folds 
Gabrielfs13: calls 140
*** TURN *** [Qd Qh Js] [Ks]
Gabrielfs13: checks 
logan15440: checks 
*** RIVER *** [Qd Qh Js Ks] [2s]
Gabrielfs13: checks 
logan15440: checks 
*** SHOW DOWN ***
Gabrielfs13: shows [Jc 3d] (two pair, Queens and Jacks)
logan15440: mucks hand 
Gabrielfs13 collected 567 from pot
*** SUMMARY ***
Total pot 567 | Rake 0 
Board [Qd Qh Js Ks 2s]
Seat 1: tutyaret_fin (small blind) folded on the Flop
Seat 2: Gabrielfs13 (big blind) showed [Jc 3d] and won (567) with two pair, Queens and Jacks
Seat 3: Princess_C4 folded before Flop (didn't bet)
Seat 5: logan15440 mucked [4d 4s]
Seat 6: UpayMyBarbecue folded before Flop (didn't bet)
Seat 7: sergik31 folded before Flop (didn't bet)
Seat 8: ema_4196 (button) folded before Flop (didn't bet)



PokerStars Hand #257263980405: Tournament #3916203240, $7.20+$7.50+$1.80 USD Hold'em No Limit - Level III (35/70) - 2025/08/08 14:50:15 BRT [2025/08/08 13:50:15 ET]
Table '3916203240 81' 8-max Seat #1 is the button
Seat 1: tutyaret_fin (4289 in chips, $7.50 bounty) 
Seat 2: Gabrielfs13 (5412 in chips, $11.25 bounty) 
Seat 3: Princess_C4 (4813 in chips, $7.50 bounty) 
Seat 4: douglaslange (5000 in chips, $7.50 bounty) 
Seat 5: logan15440 (9947 in chips, $7.50 bounty) 
Seat 6: UpayMyBarbecue (4031 in chips, $7.50 bounty) 
Seat 7: sergik31 (4758 in chips, $7.50 bounty) 
Seat 8: ema_4196 (4752 in chips, $7.50 bounty) 
tutyaret_fin: posts the ante 11
Gabrielfs13: posts the ante 11
Princess_C4: posts the ante 11
douglaslange: posts the ante 11
logan15440: posts the ante 11
UpayMyBarbecue: posts the ante 11
sergik31: posts the ante 11
ema_4196: posts the ante 11
Gabrielfs13: posts small blind 35
Princess_C4: posts big blind 70
*** HOLE CARDS ***
Dealt to Gabrielfs13 [2d 2c]
douglaslange: calls 70
logan15440: calls 70
UpayMyBarbecue: raises 333 to 403
sergik31: folds 
ema_4196: folds 
tutyaret_fin: folds 
Gabrielfs13: folds 
Princess_C4: calls 333
douglaslange: calls 333
logan15440: calls 333
*** FLOP *** [Th 5c 7h]
Princess_C4: checks 
douglaslange: checks 
logan15440: bets 140
UpayMyBarbecue: calls 140
Princess_C4: calls 140
douglaslange: calls 140
*** TURN *** [Th 5c 7h] [9d]
Princess_C4: checks 
douglaslange: checks 
logan15440: checks 
UpayMyBarbecue: checks 
*** RIVER *** [Th 5c 7h 9d] [5h]
Princess_C4: checks 
douglaslange: checks 
logan15440: checks 
UpayMyBarbecue: bets 3477 and is all-in
Princess_C4: folds 
douglaslange: folds 
logan15440: folds 
Uncalled bet (3477) returned to UpayMyBarbecue
UpayMyBarbecue collected 2295 from pot
UpayMyBarbecue: doesn't show hand 
*** SUMMARY ***
Total pot 2295 | Rake 0 
Board [Th 5c 7h 9d 5h]
Seat 1: tutyaret_fin (button) folded before Flop (didn't bet)
Seat 2: Gabrielfs13 (small blind) folded before Flop
Seat 3: Princess_C4 (big blind) folded on the River
Seat 4: douglaslange folded on the River
Seat 5: logan15440 folded on the River
Seat 6: UpayMyBarbecue collected (2295)
Seat 7: sergik31 folded before Flop (didn't bet)
Seat 8: ema_4196 folded before Flop (didn't bet)



PokerStars Hand #257264008835: Tournament #3916203240, $7.20+$7.50+$1.80 USD Hold'em No Limit - Level III (35/70) - 2025/08/08 14:52:38 BRT [2025/08/08 13:52:38 ET]
Table '3916203240 81' 8-max Seat #2 is the button
Seat 1: tutyaret_fin (4278 in chips, $7.50 bounty) 
Seat 2: Gabrielfs13 (5366 in chips, $11.25 bounty) 
Seat 3: Princess_C4 (4259 in chips, $7.50 bounty) 
Seat 4: douglaslange (4446 in chips, $7.50 bounty) 
Seat 5: logan15440 (9393 in chips, $7.50 bounty) 
Seat 6: UpayMyBarbecue (5772 in chips, $7.50 bounty) 
Seat 7: sergik31 (4747 in chips, $7.50 bounty) 
Seat 8: ema_4196 (4741 in chips, $7.50 bounty) 
tutyaret_fin: posts the ante 11
Gabrielfs13: posts the ante 11
Princess_C4: posts the ante 11
douglaslange: posts the ante 11
logan15440: posts the ante 11
UpayMyBarbecue: posts the ante 11
sergik31: posts the ante 11
ema_4196: posts the ante 11
Princess_C4: posts small blind 35
douglaslange: posts big blind 70
*** HOLE CARDS ***
Dealt to Gabrielfs13 [9c 2s]
logan15440: folds 
UpayMyBarbecue: folds 
sergik31: folds 
ema_4196: folds 
tutyaret_fin: raises 70 to 140
Gabrielfs13: folds 
Princess_C4: calls 105
douglaslange: calls 70
*** FLOP *** [6s 6d 4s]
Princess_C4: checks 
douglaslange: checks 
tutyaret_fin: bets 127
Princess_C4: calls 127
douglaslange: calls 127
*** TURN *** [6s 6d 4s] [9s]
Princess_C4: checks 
douglaslange: checks 
tutyaret_fin: checks 
*** RIVER *** [6s 6d 4s 9s] [Jd]
Princess_C4: checks 
douglaslange: bets 700
tutyaret_fin: folds 
Princess_C4: calls 700
*** SHOW DOWN ***
douglaslange: shows [Ks 6c] (three of a kind, Sixes)
Princess_C4: mucks hand 
douglaslange collected 2289 from pot
*** SUMMARY ***
Total pot 2289 | Rake 0 
Board [6s 6d 4s 9s Jd]
Seat 1: tutyaret_fin folded on the River
Seat 2: Gabrielfs13 (button) folded before Flop (didn't bet)
Seat 3: Princess_C4 (small blind) mucked [Qs Jh]
Seat 4: douglaslange (big blind) showed [Ks 6c] and won (2289) with three of a kind, Sixes
Seat 5: logan15440 folded before Flop (didn't bet)
Seat 6: UpayMyBarbecue folded before Flop (didn't bet)
Seat 7: sergik31 folded before Flop (didn't bet)
Seat 8: ema_4196 folded before Flop (didn't bet)



PokerStars Hand #257264022359: Tournament #3916203240, $7.20+$7.50+$1.80 USD Hold'em No Limit - Level III (35/70) - 2025/08/08 14:53:46 BRT [2025/08/08 13:53:46 ET]
Table '3916203240 81' 8-max Seat #3 is the button
Seat 1: tutyaret_fin (4000 in chips, $7.50 bounty) 
Seat 2: Gabrielfs13 (5355 in chips, $11.25 bounty) 
Seat 3: Princess_C4 (3281 in chips, $7.50 bounty) 
Seat 4: douglaslange (5757 in chips, $7.50 bounty) 
Seat 6: UpayMyBarbecue (5761 in chips, $7.50 bounty) 
Seat 7: sergik31 (4736 in chips, $7.50 bounty) 
Seat 8: ema_4196 (4730 in chips, $7.50 bounty) 
tutyaret_fin: posts the ante 11
Gabrielfs13: posts the ante 11
Princess_C4: posts the ante 11
douglaslange: posts the ante 11
UpayMyBarbecue: posts the ante 11
sergik31: posts the ante 11
ema_4196: posts the ante 11
douglaslange: posts small blind 35
UpayMyBarbecue: posts big blind 70
*** HOLE CARDS ***
Dealt to Gabrielfs13 [Ks 5s]
sergik31: folds 
ema_4196: folds 
tutyaret_fin: folds 
Gabrielfs13: raises 70 to 140
Princess_C4: folds 
douglaslange: calls 105
UpayMyBarbecue: calls 70
*** FLOP *** [4s 4c As]
douglaslange: checks 
JayfromQc is disconnected 
UpayMyBarbecue: checks 
Gabrielfs13: bets 164
douglaslange: folds 
UpayMyBarbecue: raises 256 to 420
Gabrielfs13: calls 256
*** TURN *** [4s 4c As] [4h]
UpayMyBarbecue: checks 
Gabrielfs13: checks 
*** RIVER *** [4s 4c As 4h] [6c]
UpayMyBarbecue: checks 
Gabrielfs13: checks 
*** SHOW DOWN ***
UpayMyBarbecue: shows [2c 3c] (three of a kind, Fours)
Gabrielfs13: shows [Ks 5s] (three of a kind, Fours - Ace+King kicker)
Gabrielfs13 collected 1337 from pot
sergiinhome is disconnected 
*** SUMMARY ***
Total pot 1337 | Rake 0 
Board [4s 4c As 4h 6c]
Seat 1: tutyaret_fin folded before Flop (didn't bet)
Seat 2: Gabrielfs13 showed [Ks 5s] and won (1337) with three of a kind, Fours
Seat 3: Princess_C4 (button) folded before Flop (didn't bet)
Seat 4: douglaslange (small blind) folded on the Flop
Seat 6: UpayMyBarbecue (big blind) showed [2c 3c] and lost with three of a kind, Fours
Seat 7: sergik31 folded before Flop (didn't bet)
Seat 8: ema_4196 folded before Flop (didn't bet)



PokerStars Hand #257264037110: Tournament #3916203240, $7.20+$7.50+$1.80 USD Hold'em No Limit - Level IV (40/80) - 2025/08/08 14:55:00 BRT [2025/08/08 13:55:00 ET]
Table '3916203240 81' 8-max Seat #4 is the button
Seat 1: tutyaret_fin (3989 in chips, $7.50 bounty) 
Seat 2: Gabrielfs13 (6121 in chips, $11.25 bounty) 
Seat 3: Princess_C4 (3270 in chips, $7.50 bounty) 
Seat 4: douglaslange (5606 in chips, $7.50 bounty) 
Seat 5: JayfromQc (5000 in chips) out of hand (moved from another table into small blind)
Seat 6: UpayMyBarbecue (5190 in chips, $7.50 bounty) 
Seat 7: sergik31 (4725 in chips, $7.50 bounty) 
Seat 8: sergiinhome (5000 in chips, $7.50 bounty) 
JayfromQc will be allowed to play after the button
tutyaret_fin: posts the ante 12
Gabrielfs13: posts the ante 12
Princess_C4: posts the ante 12
douglaslange: posts the ante 12
UpayMyBarbecue: posts the ante 12
sergik31: posts the ante 12
sergiinhome: posts the ante 12
UpayMyBarbecue: posts small blind 40
sergik31: posts big blind 80
*** HOLE CARDS ***
Dealt to Gabrielfs13 [Th 9d]
sergiinhome: folds 
tutyaret_fin: folds 
Gabrielfs13: folds 
Princess_C4: folds 
douglaslange: calls 80
UpayMyBarbecue: raises 324 to 404
sergik31: folds 
douglaslange: raises 324 to 728
UpayMyBarbecue: calls 324
*** FLOP *** [Js As Qd]
UpayMyBarbecue: checks 
douglaslange: checks 
*** TURN *** [Js As Qd] [8d]
UpayMyBarbecue: checks 
douglaslange: checks 
*** RIVER *** [Js As Qd 8d] [Ad]
UpayMyBarbecue: bets 2024
douglaslange: folds 
Uncalled bet (2024) returned to UpayMyBarbecue
UpayMyBarbecue collected 1620 from pot
UpayMyBarbecue: doesn't show hand 
*** SUMMARY ***
Total pot 1620 | Rake 0 
Board [Js As Qd 8d Ad]
Seat 1: tutyaret_fin folded before Flop (didn't bet)
Seat 2: Gabrielfs13 folded before Flop (didn't bet)
Seat 3: Princess_C4 folded before Flop (didn't bet)
Seat 4: douglaslange (button) folded on the River
Seat 6: UpayMyBarbecue (small blind) collected (1620)
Seat 7: sergik31 (big blind) folded before Flop
Seat 8: sergiinhome folded before Flop (didn't bet)



PokerStars Hand #257264110507: Tournament #3916203240, $7.20+$7.50+$1.80 USD Hold'em No Limit - Level IV (40/80) - 2025/08/08 15:02:59 BRT [2025/08/08 14:02:59 ET]
Table '3916203240 102' 8-max Seat #1 is the button
Seat 1: Gibamaks (3906 in chips, $7.50 bounty) 
Seat 2: OtavioBit (4032 in chips, $7.50 bounty) 
Seat 3: MARIN_BL (3186 in chips, $7.50 bounty) 
Seat 4: Gabrielfs13 (6109 in chips, $11.25 bounty) 
Seat 5: 30/13-138 (5571 in chips, $7.50 bounty) 
Seat 6: Reyvel (5804 in chips, $7.50 bounty) 
Seat 7: _pizza1x_ (7102 in chips, $7.50 bounty) 
Seat 8: Loginis_555 (5000 in chips, $7.50 bounty) 
Gibamaks: posts the ante 12
OtavioBit: posts the ante 12
MARIN_BL: posts the ante 12
Gabrielfs13: posts the ante 12
30/13-138: posts the ante 12
Reyvel: posts the ante 12
_pizza1x_: posts the ante 12
Loginis_555: posts the ante 12
OtavioBit: posts small blind 40
MARIN_BL: posts big blind 80
*** HOLE CARDS ***
Dealt to Gabrielfs13 [3h 4c]
Gabrielfs13: folds 
30/13-138: folds 
Reyvel: folds 
_pizza1x_: folds 
Loginis_555: folds 
Gibamaks: folds 
OtavioBit: raises 160 to 240
MARIN_BL: calls 160
*** FLOP *** [5d 6c Td]
OtavioBit: checks 
MARIN_BL: checks 
*** TURN *** [5d 6c Td] [Kh]
OtavioBit: bets 564
MARIN_BL: folds 
Uncalled bet (564) returned to OtavioBit
OtavioBit collected 576 from pot
OtavioBit: doesn't show hand 
*** SUMMARY ***
Total pot 576 | Rake 0 
Board [5d 6c Td Kh]
Seat 1: Gibamaks (button) folded before Flop (didn't bet)
Seat 2: OtavioBit (small blind) collected (576)
Seat 3: MARIN_BL (big blind) folded on the Turn
Seat 4: Gabrielfs13 folded before Flop (didn't bet)
Seat 5: 30/13-138 folded before Flop (didn't bet)
Seat 6: Reyvel folded before Flop (didn't bet)
Seat 7: _pizza1x_ folded before Flop (didn't bet)
Seat 8: Loginis_555 folded before Flop (didn't bet)



PokerStars Hand #257264123019: Tournament #3916203240, $7.20+$7.50+$1.80 USD Hold'em No Limit - Level IV (40/80) - 2025/08/08 15:04:03 BRT [2025/08/08 14:04:03 ET]
Table '3916203240 102' 8-max Seat #2 is the button
Seat 1: Gibamaks (3894 in chips, $7.50 bounty) 
Seat 2: OtavioBit (4356 in chips, $7.50 bounty) 
Seat 3: MARIN_BL (2934 in chips, $7.50 bounty) 
Seat 4: Gabrielfs13 (6097 in chips, $11.25 bounty) 
Seat 5: 30/13-138 (5559 in chips, $7.50 bounty) 
Seat 6: Reyvel (5792 in chips, $7.50 bounty) 
Seat 7: _pizza1x_ (7090 in chips, $7.50 bounty) 
Seat 8: Loginis_555 (4988 in chips, $7.50 bounty) 
Gibamaks: posts the ante 12
OtavioBit: posts the ante 12
MARIN_BL: posts the ante 12
Gabrielfs13: posts the ante 12
30/13-138: posts the ante 12
Reyvel: posts the ante 12
_pizza1x_: posts the ante 12
Loginis_555: posts the ante 12
MARIN_BL: posts small blind 40
Gabrielfs13: posts big blind 80
*** HOLE CARDS ***
Dealt to Gabrielfs13 [2d Qs]
30/13-138: raises 80 to 160
Reyvel: folds 
_pizza1x_: calls 160
Loginis_555: folds 
Gibamaks: folds 
OtavioBit: folds 
MARIN_BL: folds 
Gabrielfs13: folds 
*** FLOP *** [Js 3c Tc]
30/13-138: bets 161
_pizza1x_: folds 
Uncalled bet (161) returned to 30/13-138
30/13-138 collected 536 from pot
30/13-138: doesn't show hand 
*** SUMMARY ***
Total pot 536 | Rake 0 
Board [Js 3c Tc]
Seat 1: Gibamaks folded before Flop (didn't bet)
Seat 2: OtavioBit (button) folded before Flop (didn't bet)
Seat 3: MARIN_BL (small blind) folded before Flop
Seat 4: Gabrielfs13 (big blind) folded before Flop
Seat 5: 30/13-138 collected (536)
Seat 6: Reyvel folded before Flop (didn't bet)
Seat 7: _pizza1x_ folded on the Flop
Seat 8: Loginis_555 folded before Flop (didn't bet)



PokerStars Hand #257264127883: Tournament #3916203240, $7.20+$7.50+$1.80 USD Hold'em No Limit - Level IV (40/80) - 2025/08/08 15:04:28 BRT [2025/08/08 14:04:28 ET]
Table '3916203240 102' 8-max Seat #3 is the button
Seat 1: Gibamaks (3882 in chips, $7.50 bounty) 
Seat 2: OtavioBit (4344 in chips, $7.50 bounty) 
Seat 3: MARIN_BL (2882 in chips, $7.50 bounty) 
Seat 4: Gabrielfs13 (6005 in chips, $11.25 bounty) 
Seat 5: 30/13-138 (5923 in chips, $7.50 bounty) 
Seat 6: Reyvel (5780 in chips, $7.50 bounty) 
Seat 7: _pizza1x_ (6918 in chips, $7.50 bounty) 
Seat 8: Loginis_555 (4976 in chips, $7.50 bounty) 
Gibamaks: posts the ante 12
OtavioBit: posts the ante 12
MARIN_BL: posts the ante 12
Gabrielfs13: posts the ante 12
30/13-138: posts the ante 12
Reyvel: posts the ante 12
_pizza1x_: posts the ante 12
Loginis_555: posts the ante 12
Gabrielfs13: posts small blind 40
30/13-138: posts big blind 80
*** HOLE CARDS ***
Dealt to Gabrielfs13 [Qc Ah]
Reyvel: folds 
_pizza1x_: folds 
Loginis_555: raises 89 to 169
Gibamaks: folds 
OtavioBit: folds 
MARIN_BL: folds 
Gabrielfs13: raises 591 to 760
30/13-138: folds 
Loginis_555: folds 
Uncalled bet (591) returned to Gabrielfs13
Gabrielfs13 collected 514 from pot
Gabrielfs13: doesn't show hand 
*** SUMMARY ***
Total pot 514 | Rake 0 
Seat 1: Gibamaks folded before Flop (didn't bet)
Seat 2: OtavioBit folded before Flop (didn't bet)
Seat 3: MARIN_BL (button) folded before Flop (didn't bet)
Seat 4: Gabrielfs13 (small blind) collected (514)
Seat 5: 30/13-138 (big blind) folded before Flop
Seat 6: Reyvel folded before Flop (didn't bet)
Seat 7: _pizza1x_ folded before Flop (didn't bet)
Seat 8: Loginis_555 folded before Flop



PokerStars Hand #257264137051: Tournament #3916203240, $7.20+$7.50+$1.80 USD Hold'em No Limit - Level IV (40/80) - 2025/08/08 15:05:15 BRT [2025/08/08 14:05:15 ET]
Table '3916203240 102' 8-max Seat #4 is the button
Seat 1: Gibamaks (3870 in chips, $7.50 bounty) 
Seat 2: OtavioBit (4332 in chips, $7.50 bounty) 
Seat 3: MARIN_BL (2870 in chips, $7.50 bounty) 
Seat 4: Gabrielfs13 (6338 in chips, $11.25 bounty) 
Seat 5: 30/13-138 (5831 in chips, $7.50 bounty) 
Seat 6: Reyvel (5768 in chips, $7.50 bounty) 
Seat 7: _pizza1x_ (6906 in chips, $7.50 bounty) 
Seat 8: Loginis_555 (4795 in chips, $7.50 bounty) 
Gibamaks: posts the ante 12
OtavioBit: posts the ante 12
MARIN_BL: posts the ante 12
Gabrielfs13: posts the ante 12
30/13-138: posts the ante 12
Reyvel: posts the ante 12
_pizza1x_: posts the ante 12
Loginis_555: posts the ante 12
30/13-138: posts small blind 40
Reyvel: posts big blind 80
*** HOLE CARDS ***
Dealt to Gabrielfs13 [9h 2d]
_pizza1x_: folds 
Loginis_555: folds 
Gibamaks: folds 
OtavioBit: raises 80 to 160
MARIN_BL: folds 
Gabrielfs13: folds 
30/13-138: folds 
Reyvel: calls 80
*** FLOP *** [4h 4d Jd]
Reyvel: checks 
OtavioBit: bets 146
Reyvel: folds 
Uncalled bet (146) returned to OtavioBit
OtavioBit collected 456 from pot
OtavioBit: doesn't show hand 
*** SUMMARY ***
Total pot 456 | Rake 0 
Board [4h 4d Jd]
Seat 1: Gibamaks folded before Flop (didn't bet)
Seat 2: OtavioBit collected (456)
Seat 3: MARIN_BL folded before Flop (didn't bet)
Seat 4: Gabrielfs13 (button) folded before Flop (didn't bet)
Seat 5: 30/13-138 (small blind) folded before Flop
Seat 6: Reyvel (big blind) folded on the Flop
Seat 7: _pizza1x_ folded before Flop (didn't bet)
Seat 8: Loginis_555 folded before Flop (didn't bet)



PokerStars Hand #257264147108: Tournament #3916203240, $7.20+$7.50+$1.80 USD Hold'em No Limit - Level IV (40/80) - 2025/08/08 15:06:05 BRT [2025/08/08 14:06:05 ET]
Table '3916203240 102' 8-max Seat #5 is the button
Seat 1: Gibamaks (3858 in chips, $7.50 bounty) 
Seat 2: OtavioBit (4616 in chips, $7.50 bounty) 
Seat 3: MARIN_BL (2858 in chips, $7.50 bounty) 
Seat 4: Gabrielfs13 (6326 in chips, $11.25 bounty) 
Seat 5: 30/13-138 (5779 in chips, $7.50 bounty) 
Seat 6: Reyvel (5596 in chips, $7.50 bounty) 
Seat 7: _pizza1x_ (6894 in chips, $7.50 bounty) 
Seat 8: Loginis_555 (4783 in chips, $7.50 bounty) 
Gibamaks: posts the ante 12
OtavioBit: posts the ante 12
MARIN_BL: posts the ante 12
Gabrielfs13: posts the ante 12
30/13-138: posts the ante 12
Reyvel: posts the ante 12
_pizza1x_: posts the ante 12
Loginis_555: posts the ante 12
Reyvel: posts small blind 40
_pizza1x_: posts big blind 80
*** HOLE CARDS ***
Dealt to Gabrielfs13 [Ac 7c]
Loginis_555: folds 
Gibamaks: folds 
OtavioBit: folds 
MARIN_BL: raises 80 to 160
Gabrielfs13: calls 160
30/13-138: folds 
Reyvel: folds 
_pizza1x_: folds 
*** FLOP *** [Jd 8h 7h]
MARIN_BL: checks 
Gabrielfs13: bets 268
MARIN_BL: folds 
Uncalled bet (268) returned to Gabrielfs13
Gabrielfs13 collected 536 from pot
Gabrielfs13: doesn't show hand 
*** SUMMARY ***
Total pot 536 | Rake 0 
Board [Jd 8h 7h]
Seat 1: Gibamaks folded before Flop (didn't bet)
Seat 2: OtavioBit folded before Flop (didn't bet)
Seat 3: MARIN_BL folded on the Flop
Seat 4: Gabrielfs13 collected (536)
Seat 5: 30/13-138 (button) folded before Flop (didn't bet)
Seat 6: Reyvel (small blind) folded before Flop
Seat 7: _pizza1x_ (big blind) folded before Flop
Seat 8: Loginis_555 folded before Flop (didn't bet)



PokerStars Hand #257264159379: Tournament #3916203240, $7.20+$7.50+$1.80 USD Hold'em No Limit - Level IV (40/80) - 2025/08/08 15:07:07 BRT [2025/08/08 14:07:07 ET]
Table '3916203240 102' 8-max Seat #6 is the button
Seat 1: Gibamaks (3846 in chips, $7.50 bounty) 
Seat 2: OtavioBit (4604 in chips, $7.50 bounty) 
Seat 3: MARIN_BL (2686 in chips, $7.50 bounty) 
Seat 4: Gabrielfs13 (6690 in chips, $11.25 bounty) 
Seat 5: 30/13-138 (5767 in chips, $7.50 bounty) 
Seat 6: Reyvel (5544 in chips, $7.50 bounty) 
Seat 7: _pizza1x_ (6802 in chips, $7.50 bounty) 
Seat 8: Loginis_555 (4771 in chips, $7.50 bounty) 
Gibamaks: posts the ante 12
OtavioBit: posts the ante 12
MARIN_BL: posts the ante 12
Gabrielfs13: posts the ante 12
30/13-138: posts the ante 12
Reyvel: posts the ante 12
_pizza1x_: posts the ante 12
Loginis_555: posts the ante 12
_pizza1x_: posts small blind 40
Loginis_555: posts big blind 80
*** HOLE CARDS ***
Dealt to Gabrielfs13 [5s 9c]
Gibamaks: folds 
OtavioBit: folds 
MARIN_BL: folds 
Gabrielfs13: folds 
30/13-138: folds 
Reyvel: raises 80 to 160
_pizza1x_: folds 
Loginis_555: calls 80
*** FLOP *** [Qh 5d 4d]
Loginis_555: checks 
Reyvel: bets 150
Loginis_555: folds 
Uncalled bet (150) returned to Reyvel
Reyvel collected 456 from pot
Reyvel: doesn't show hand 
*** SUMMARY ***
Total pot 456 | Rake 0 
Board [Qh 5d 4d]
Seat 1: Gibamaks folded before Flop (didn't bet)
Seat 2: OtavioBit folded before Flop (didn't bet)
Seat 3: MARIN_BL folded before Flop (didn't bet)
Seat 4: Gabrielfs13 folded before Flop (didn't bet)
Seat 5: 30/13-138 folded before Flop (didn't bet)
Seat 6: Reyvel (button) collected (456)
Seat 7: _pizza1x_ (small blind) folded before Flop
Seat 8: Loginis_555 (big blind) folded on the Flop



PokerStars Hand #257264168356: Tournament #3916203240, $7.20+$7.50+$1.80 USD Hold'em No Limit - Level IV (40/80) - 2025/08/08 15:07:53 BRT [2025/08/08 14:07:53 ET]
Table '3916203240 102' 8-max Seat #7 is the button
Seat 1: Gibamaks (3834 in chips, $7.50 bounty) 
Seat 2: OtavioBit (4592 in chips, $7.50 bounty) 
Seat 3: MARIN_BL (2674 in chips, $7.50 bounty) 
Seat 4: Gabrielfs13 (6678 in chips, $11.25 bounty) 
Seat 5: 30/13-138 (5755 in chips, $7.50 bounty) 
Seat 6: Reyvel (5828 in chips, $7.50 bounty) 
Seat 7: _pizza1x_ (6750 in chips, $7.50 bounty) 
Seat 8: Loginis_555 (4599 in chips, $7.50 bounty) 
Gibamaks: posts the ante 12
OtavioBit: posts the ante 12
MARIN_BL: posts the ante 12
Gabrielfs13: posts the ante 12
30/13-138: posts the ante 12
Reyvel: posts the ante 12
_pizza1x_: posts the ante 12
Loginis_555: posts the ante 12
Loginis_555: posts small blind 40
Gibamaks: posts big blind 80
*** HOLE CARDS ***
Dealt to Gabrielfs13 [7s 8d]
OtavioBit: folds 
MARIN_BL: folds 
Gabrielfs13: folds 
30/13-138: raises 80 to 160
Reyvel: folds 
_pizza1x_: folds 
Loginis_555: folds 
Gibamaks: calls 80
*** FLOP *** [Kd Td Qd]
Gibamaks: checks 
30/13-138: bets 137
Gibamaks: folds 
Uncalled bet (137) returned to 30/13-138
30/13-138 collected 456 from pot
30/13-138: doesn't show hand 
*** SUMMARY ***
Total pot 456 | Rake 0 
Board [Kd Td Qd]
Seat 1: Gibamaks (big blind) folded on the Flop
Seat 2: OtavioBit folded before Flop (didn't bet)
Seat 3: MARIN_BL folded before Flop (didn't bet)
Seat 4: Gabrielfs13 folded before Flop (didn't bet)
Seat 5: 30/13-138 collected (456)
Seat 6: Reyvel folded before Flop (didn't bet)
Seat 7: _pizza1x_ (button) folded before Flop (didn't bet)
Seat 8: Loginis_555 (small blind) folded before Flop



PokerStars Hand #257264177698: Tournament #3916203240, $7.20+$7.50+$1.80 USD Hold'em No Limit - Level IV (40/80) - 2025/08/08 15:08:40 BRT [2025/08/08 14:08:40 ET]
Table '3916203240 102' 8-max Seat #8 is the button
Seat 1: Gibamaks (3662 in chips, $7.50 bounty) 
Seat 2: OtavioBit (4580 in chips, $7.50 bounty) 
Seat 3: MARIN_BL (2662 in chips, $7.50 bounty) 
Seat 4: Gabrielfs13 (6666 in chips, $11.25 bounty) 
Seat 5: 30/13-138 (6039 in chips, $7.50 bounty) 
Seat 6: Reyvel (5816 in chips, $7.50 bounty) 
Seat 7: _pizza1x_ (6738 in chips, $7.50 bounty) 
Seat 8: Loginis_555 (4547 in chips, $7.50 bounty) 
Gibamaks: posts the ante 12
OtavioBit: posts the ante 12
MARIN_BL: posts the ante 12
Gabrielfs13: posts the ante 12
30/13-138: posts the ante 12
Reyvel: posts the ante 12
_pizza1x_: posts the ante 12
Loginis_555: posts the ante 12
Gibamaks: posts small blind 40
OtavioBit: posts big blind 80
*** HOLE CARDS ***
Dealt to Gabrielfs13 [Kc Ac]
MARIN_BL: folds 
Gabrielfs13: raises 80 to 160
30/13-138: folds 
Reyvel: folds 
_pizza1x_: folds 
Loginis_555: folds 
Gibamaks: folds 
OtavioBit: raises 480 to 640
Gabrielfs13: raises 6014 to 6654 and is all-in
OtavioBit: calls 3928 and is all-in
Uncalled bet (2086) returned to Gabrielfs13
*** FLOP *** [Jh 4h Ad]
*** TURN *** [Jh 4h Ad] [Qs]
*** RIVER *** [Jh 4h Ad Qs] [Kd]
*** SHOW DOWN ***
OtavioBit: shows [Kh Ks] (three of a kind, Kings)
Gabrielfs13: shows [Kc Ac] (two pair, Aces and Kings)
OtavioBit collected 9272 from pot
*** SUMMARY ***
Total pot 9272 | Rake 0 
Board [Jh 4h Ad Qs Kd]
Seat 1: Gibamaks (small blind) folded before Flop
Seat 2: OtavioBit (big blind) showed [Kh Ks] and won (9272) with three of a kind, Kings
Seat 3: MARIN_BL folded before Flop (didn't bet)
Seat 4: Gabrielfs13 showed [Kc Ac] and lost with two pair, Aces and Kings
Seat 5: 30/13-138 folded before Flop (didn't bet)
Seat 6: Reyvel folded before Flop (didn't bet)
Seat 7: _pizza1x_ folded before Flop (didn't bet)
Seat 8: Loginis_555 (button) folded before Flop (didn't bet)



PokerStars Hand #257264190330: Tournament #3916203240, $7.20+$7.50+$1.80 USD Hold'em No Limit - Level IV (40/80) - 2025/08/08 15:09:43 BRT [2025/08/08 14:09:43 ET]
Table '3916203240 102' 8-max Seat #1 is the button
Seat 1: Gibamaks (3610 in chips, $7.50 bounty) 
Seat 2: OtavioBit (9272 in chips, $7.50 bounty) 
Seat 3: MARIN_BL (2650 in chips, $7.50 bounty) 
Seat 4: Gabrielfs13 (2086 in chips, $11.25 bounty) 
Seat 5: 30/13-138 (6027 in chips, $7.50 bounty) 
Seat 6: Reyvel (5804 in chips, $7.50 bounty) 
Seat 7: _pizza1x_ (6726 in chips, $7.50 bounty) 
Seat 8: Loginis_555 (4535 in chips, $7.50 bounty) 
Gibamaks: posts the ante 12
OtavioBit: posts the ante 12
MARIN_BL: posts the ante 12
Gabrielfs13: posts the ante 12
30/13-138: posts the ante 12
Reyvel: posts the ante 12
_pizza1x_: posts the ante 12
Loginis_555: posts the ante 12
OtavioBit: posts small blind 40
MARIN_BL: posts big blind 80
*** HOLE CARDS ***
Dealt to Gabrielfs13 [Kd Ts]
Gabrielfs13: raises 80 to 160
30/13-138: folds 
Reyvel: folds 
_pizza1x_: calls 160
Loginis_555: folds 
Gibamaks: folds 
OtavioBit: folds 
MARIN_BL: folds 
*** FLOP *** [7c 2d 2h]
Gabrielfs13: checks 
_pizza1x_: checks 
*** TURN *** [7c 2d 2h] [Jd]
Gabrielfs13: checks 
_pizza1x_: checks 
*** RIVER *** [7c 2d 2h Jd] [Jh]
Gabrielfs13: checks 
_pizza1x_: checks 
*** SHOW DOWN ***
Gabrielfs13: shows [Kd Ts] (two pair, Jacks and Deuces)
_pizza1x_: shows [4h Ah] (two pair, Jacks and Deuces - Ace kicker)
_pizza1x_ collected 536 from pot
*** SUMMARY ***
Total pot 536 | Rake 0 
Board [7c 2d 2h Jd Jh]
Seat 1: Gibamaks (button) folded before Flop (didn't bet)
Seat 2: OtavioBit (small blind) folded before Flop
Seat 3: MARIN_BL (big blind) folded before Flop
Seat 4: Gabrielfs13 showed [Kd Ts] and lost with two pair, Jacks and Deuces
Seat 5: 30/13-138 folded before Flop (didn't bet)
Seat 6: Reyvel folded before Flop (didn't bet)
Seat 7: _pizza1x_ showed [4h Ah] and won (536) with two pair, Jacks and Deuces
Seat 8: Loginis_555 folded before Flop (didn't bet)



PokerStars Hand #257264199928: Tournament #3916203240, $7.20+$7.50+$1.80 USD Hold'em No Limit - Level V (45/90) - 2025/08/08 15:10:31 BRT [2025/08/08 14:10:31 ET]
Table '3916203240 102' 8-max Seat #2 is the button
Seat 1: Gibamaks (3598 in chips, $7.50 bounty) 
Seat 2: OtavioBit (9220 in chips, $7.50 bounty) 
Seat 3: MARIN_BL (2558 in chips, $7.50 bounty) 
Seat 4: Gabrielfs13 (1914 in chips, $11.25 bounty) 
Seat 5: 30/13-138 (6015 in chips, $7.50 bounty) 
Seat 6: Reyvel (5792 in chips, $7.50 bounty) 
Seat 7: _pizza1x_ (7090 in chips, $7.50 bounty) 
Seat 8: Loginis_555 (4523 in chips, $7.50 bounty) 
Gibamaks: posts the ante 14
OtavioBit: posts the ante 14
MARIN_BL: posts the ante 14
Gabrielfs13: posts the ante 14
30/13-138: posts the ante 14
Reyvel: posts the ante 14
_pizza1x_: posts the ante 14
Loginis_555: posts the ante 14
MARIN_BL: posts small blind 45
Gabrielfs13: posts big blind 90
*** HOLE CARDS ***
Dealt to Gabrielfs13 [Ks Js]
30/13-138: raises 90 to 180
Reyvel: folds 
_pizza1x_: folds 
Loginis_555: folds 
Gibamaks: folds 
OtavioBit: folds 
MARIN_BL: folds 
Gabrielfs13: calls 90
*** FLOP *** [4h As 6d]
Gabrielfs13: checks 
30/13-138: bets 259
Gabrielfs13: folds 
Uncalled bet (259) returned to 30/13-138
30/13-138 collected 517 from pot
30/13-138: doesn't show hand 
*** SUMMARY ***
Total pot 517 | Rake 0 
Board [4h As 6d]
Seat 1: Gibamaks folded before Flop (didn't bet)
Seat 2: OtavioBit (button) folded before Flop (didn't bet)
Seat 3: MARIN_BL (small blind) folded before Flop
Seat 4: Gabrielfs13 (big blind) folded on the Flop
Seat 5: 30/13-138 collected (517)
Seat 6: Reyvel folded before Flop (didn't bet)
Seat 7: _pizza1x_ folded before Flop (didn't bet)
Seat 8: Loginis_555 folded before Flop (didn't bet)



PokerStars Hand #257264212217: Tournament #3916203240, $7.20+$7.50+$1.80 USD Hold'em No Limit - Level V (45/90) - 2025/08/08 15:11:33 BRT [2025/08/08 14:11:33 ET]
Table '3916203240 102' 8-max Seat #3 is the button
Seat 1: Gibamaks (3584 in chips, $7.50 bounty) 
Seat 2: OtavioBit (9206 in chips, $7.50 bounty) 
Seat 3: MARIN_BL (2499 in chips, $7.50 bounty) 
Seat 4: Gabrielfs13 (1720 in chips, $11.25 bounty) 
Seat 5: 30/13-138 (6338 in chips, $7.50 bounty) 
Seat 6: Reyvel (5778 in chips, $7.50 bounty) 
Seat 7: _pizza1x_ (7076 in chips, $7.50 bounty) 
Seat 8: Loginis_555 (4509 in chips, $7.50 bounty) 
Gibamaks: posts the ante 14
OtavioBit: posts the ante 14
MARIN_BL: posts the ante 14
Gabrielfs13: posts the ante 14
30/13-138: posts the ante 14
Reyvel: posts the ante 14
_pizza1x_: posts the ante 14
Loginis_555: posts the ante 14
Gabrielfs13: posts small blind 45
30/13-138: posts big blind 90
*** HOLE CARDS ***
Dealt to Gabrielfs13 [4s Qh]
Reyvel: folds 
_pizza1x_: folds 
Loginis_555: raises 100 to 190
Gibamaks: folds 
OtavioBit: folds 
MARIN_BL: raises 305 to 495
Gabrielfs13: folds 
30/13-138: folds 
Loginis_555: folds 
Uncalled bet (305) returned to MARIN_BL
MARIN_BL collected 627 from pot
MARIN_BL: doesn't show hand 
*** SUMMARY ***
Total pot 627 | Rake 0 
Seat 1: Gibamaks folded before Flop (didn't bet)
Seat 2: OtavioBit folded before Flop (didn't bet)
Seat 3: MARIN_BL (button) collected (627)
Seat 4: Gabrielfs13 (small blind) folded before Flop
Seat 5: 30/13-138 (big blind) folded before Flop
Seat 6: Reyvel folded before Flop (didn't bet)
Seat 7: _pizza1x_ folded before Flop (didn't bet)
Seat 8: Loginis_555 folded before Flop



PokerStars Hand #257264220496: Tournament #3916203240, $7.20+$7.50+$1.80 USD Hold'em No Limit - Level V (45/90) - 2025/08/08 15:12:14 BRT [2025/08/08 14:12:14 ET]
Table '3916203240 102' 8-max Seat #4 is the button
Seat 1: Gibamaks (3570 in chips, $7.50 bounty) 
Seat 2: OtavioBit (9192 in chips, $7.50 bounty) 
Seat 3: MARIN_BL (2922 in chips, $7.50 bounty) 
Seat 4: Gabrielfs13 (1661 in chips, $11.25 bounty) 
Seat 5: 30/13-138 (6234 in chips, $7.50 bounty) 
Seat 6: Reyvel (5764 in chips, $7.50 bounty) 
Seat 7: _pizza1x_ (7062 in chips, $7.50 bounty) 
Seat 8: Loginis_555 (4305 in chips, $7.50 bounty) 
Gibamaks: posts the ante 14
OtavioBit: posts the ante 14
MARIN_BL: posts the ante 14
Gabrielfs13: posts the ante 14
30/13-138: posts the ante 14
Reyvel: posts the ante 14
_pizza1x_: posts the ante 14
Loginis_555: posts the ante 14
30/13-138: posts small blind 45
Reyvel: posts big blind 90
*** HOLE CARDS ***
Dealt to Gabrielfs13 [4d Js]
_pizza1x_: calls 90
Loginis_555: folds 
Gibamaks: raises 225 to 315
OtavioBit: folds 
MARIN_BL: folds 
Gabrielfs13: folds 
30/13-138: folds 
Reyvel: folds 
_pizza1x_: calls 225
*** FLOP *** [4h 9h 3s]
_pizza1x_: checks 
Gibamaks: checks 
*** TURN *** [4h 9h 3s] [5s]
_pizza1x_: bets 877
Gibamaks: calls 877
*** RIVER *** [4h 9h 3s 5s] [Ac]
_pizza1x_: checks 
Gibamaks: checks 
*** SHOW DOWN ***
_pizza1x_: shows [9c Qc] (a pair of Nines)
Gibamaks: mucks hand 
_pizza1x_ collected 2631 from pot
*** SUMMARY ***
Total pot 2631 | Rake 0 
Board [4h 9h 3s 5s Ac]
Seat 1: Gibamaks mucked [6s 6h]
Seat 2: OtavioBit folded before Flop (didn't bet)
Seat 3: MARIN_BL folded before Flop (didn't bet)
Seat 4: Gabrielfs13 (button) folded before Flop (didn't bet)
Seat 5: 30/13-138 (small blind) folded before Flop
Seat 6: Reyvel (big blind) folded before Flop
Seat 7: _pizza1x_ showed [9c Qc] and won (2631) with a pair of Nines
Seat 8: Loginis_555 folded before Flop (didn't bet)



PokerStars Hand #257264234105: Tournament #3916203240, $7.20+$7.50+$1.80 USD Hold'em No Limit - Level V (45/90) - 2025/08/08 15:13:20 BRT [2025/08/08 14:13:20 ET]
Table '3916203240 102' 8-max Seat #5 is the button
Seat 1: Gibamaks (2364 in chips, $7.50 bounty) 
Seat 2: OtavioBit (9178 in chips, $7.50 bounty) 
Seat 3: MARIN_BL (2908 in chips, $7.50 bounty) 
Seat 4: Gabrielfs13 (1647 in chips, $11.25 bounty) 
Seat 5: 30/13-138 (6175 in chips, $7.50 bounty) 
Seat 6: Reyvel (5660 in chips, $7.50 bounty) 
Seat 7: _pizza1x_ (8487 in chips, $7.50 bounty) 
Seat 8: Loginis_555 (4291 in chips, $7.50 bounty) 
Gibamaks: posts the ante 14
OtavioBit: posts the ante 14
MARIN_BL: posts the ante 14
Gabrielfs13: posts the ante 14
30/13-138: posts the ante 14
Reyvel: posts the ante 14
_pizza1x_: posts the ante 14
Loginis_555: posts the ante 14
Reyvel: posts small blind 45
_pizza1x_: posts big blind 90
*** HOLE CARDS ***
Dealt to Gabrielfs13 [5h Kc]
Loginis_555: folds 
Gibamaks: folds 
OtavioBit: raises 90 to 180
MARIN_BL: folds 
Gabrielfs13: folds 
30/13-138: folds 
Reyvel: folds 
_pizza1x_: calls 90
*** FLOP *** [Tc 3s 2h]
_pizza1x_: checks 
OtavioBit: bets 165
_pizza1x_: folds 
Uncalled bet (165) returned to OtavioBit
OtavioBit collected 517 from pot
OtavioBit: doesn't show hand 
*** SUMMARY ***
Total pot 517 | Rake 0 
Board [Tc 3s 2h]
Seat 1: Gibamaks folded before Flop (didn't bet)
Seat 2: OtavioBit collected (517)
Seat 3: MARIN_BL folded before Flop (didn't bet)
Seat 4: Gabrielfs13 folded before Flop (didn't bet)
Seat 5: 30/13-138 (button) folded before Flop (didn't bet)
Seat 6: Reyvel (small blind) folded before Flop
Seat 7: _pizza1x_ (big blind) folded on the Flop
Seat 8: Loginis_555 folded before Flop (didn't bet)



PokerStars Hand #257264242694: Tournament #3916203240, $7.20+$7.50+$1.80 USD Hold'em No Limit - Level V (45/90) - 2025/08/08 15:14:03 BRT [2025/08/08 14:14:03 ET]
Table '3916203240 102' 8-max Seat #6 is the button
Seat 1: Gibamaks (2350 in chips, $7.50 bounty) 
Seat 2: OtavioBit (9501 in chips, $7.50 bounty) 
Seat 3: MARIN_BL (2894 in chips, $7.50 bounty) 
Seat 4: Gabrielfs13 (1633 in chips, $11.25 bounty) 
Seat 5: 30/13-138 (6161 in chips, $7.50 bounty) 
Seat 6: Reyvel (5601 in chips, $7.50 bounty) 
Seat 7: _pizza1x_ (8293 in chips, $7.50 bounty) 
Seat 8: Loginis_555 (4277 in chips, $7.50 bounty) 
Gibamaks: posts the ante 14
OtavioBit: posts the ante 14
MARIN_BL: posts the ante 14
Gabrielfs13: posts the ante 14
30/13-138: posts the ante 14
Reyvel: posts the ante 14
_pizza1x_: posts the ante 14
Loginis_555: posts the ante 14
_pizza1x_: posts small blind 45
Loginis_555: posts big blind 90
*** HOLE CARDS ***
Dealt to Gabrielfs13 [2s 8h]
Gibamaks: folds 
OtavioBit: folds 
MARIN_BL: folds 
Gabrielfs13: folds 
30/13-138: folds 
Reyvel: folds 
_pizza1x_: calls 45
Loginis_555: checks 
*** FLOP *** [8s Td 4s]
_pizza1x_: checks 
Loginis_555: checks 
*** TURN *** [8s Td 4s] [Ad]
_pizza1x_: checks 
Loginis_555: checks 
*** RIVER *** [8s Td 4s Ad] [Ts]
_pizza1x_: checks 
Loginis_555: checks 
*** SHOW DOWN ***
_pizza1x_: shows [Qd 6c] (a pair of Tens)
Loginis_555: mucks hand 
_pizza1x_ collected 292 from pot
*** SUMMARY ***
Total pot 292 | Rake 0 
Board [8s Td 4s Ad Ts]
Seat 1: Gibamaks folded before Flop (didn't bet)
Seat 2: OtavioBit folded before Flop (didn't bet)
Seat 3: MARIN_BL folded before Flop (didn't bet)
Seat 4: Gabrielfs13 folded before Flop (didn't bet)
Seat 5: 30/13-138 folded before Flop (didn't bet)
Seat 6: Reyvel (button) folded before Flop (didn't bet)
Seat 7: _pizza1x_ (small blind) showed [Qd 6c] and won (292) with a pair of Tens
Seat 8: Loginis_555 (big blind) mucked [2d Js]



PokerStars Hand #257264253680: Tournament #3916203240, $7.20+$7.50+$1.80 USD Hold'em No Limit - Level V (45/90) - 2025/08/08 15:14:56 BRT [2025/08/08 14:14:56 ET]
Table '3916203240 102' 8-max Seat #7 is the button
Seat 1: Gibamaks (2336 in chips, $7.50 bounty) 
Seat 2: OtavioBit (9487 in chips, $7.50 bounty) 
Seat 3: MARIN_BL (2880 in chips, $7.50 bounty) 
Seat 4: Gabrielfs13 (1619 in chips, $11.25 bounty) 
Seat 5: 30/13-138 (6147 in chips, $7.50 bounty) 
Seat 6: Reyvel (5587 in chips, $7.50 bounty) 
Seat 7: _pizza1x_ (8481 in chips, $7.50 bounty) 
Seat 8: Loginis_555 (4173 in chips, $7.50 bounty) 
Gibamaks: posts the ante 14
OtavioBit: posts the ante 14
MARIN_BL: posts the ante 14
Gabrielfs13: posts the ante 14
30/13-138: posts the ante 14
Reyvel: posts the ante 14
_pizza1x_: posts the ante 14
Loginis_555: posts the ante 14
Loginis_555: posts small blind 45
Gibamaks: posts big blind 90
*** HOLE CARDS ***
Dealt to Gabrielfs13 [Ks 5c]
OtavioBit: folds 
MARIN_BL: folds 
Gabrielfs13: folds 
30/13-138: raises 90 to 180
Reyvel: folds 
_pizza1x_: folds 
Loginis_555: folds 
Gibamaks: folds 
Uncalled bet (90) returned to 30/13-138
30/13-138 collected 337 from pot
30/13-138: doesn't show hand 
*** SUMMARY ***
Total pot 337 | Rake 0 
Seat 1: Gibamaks (big blind) folded before Flop
Seat 2: OtavioBit folded before Flop (didn't bet)
Seat 3: MARIN_BL folded before Flop (didn't bet)
Seat 4: Gabrielfs13 folded before Flop (didn't bet)
Seat 5: 30/13-138 collected (337)
Seat 6: Reyvel folded before Flop (didn't bet)
Seat 7: _pizza1x_ (button) folded before Flop (didn't bet)
Seat 8: Loginis_555 (small blind) folded before Flop



PokerStars Hand #257264259726: Tournament #3916203240, $7.20+$7.50+$1.80 USD Hold'em No Limit - Level V (45/90) - 2025/08/08 15:15:26 BRT [2025/08/08 14:15:26 ET]
Table '3916203240 102' 8-max Seat #8 is the button
Seat 1: Gibamaks (2232 in chips, $7.50 bounty) 
Seat 2: OtavioBit (9473 in chips, $7.50 bounty) 
Seat 3: MARIN_BL (2866 in chips, $7.50 bounty) 
Seat 4: Gabrielfs13 (1605 in chips, $11.25 bounty) 
Seat 5: 30/13-138 (6380 in chips, $7.50 bounty) 
Seat 6: Reyvel (5573 in chips, $7.50 bounty) 
Seat 7: _pizza1x_ (8467 in chips, $7.50 bounty) 
Seat 8: Loginis_555 (4114 in chips, $7.50 bounty) 
Gibamaks: posts the ante 14
OtavioBit: posts the ante 14
MARIN_BL: posts the ante 14
Gabrielfs13: posts the ante 14
30/13-138: posts the ante 14
Reyvel: posts the ante 14
_pizza1x_: posts the ante 14
Loginis_555: posts the ante 14
Gibamaks: posts small blind 45
OtavioBit: posts big blind 90
*** HOLE CARDS ***
Dealt to Gabrielfs13 [6s Kh]
MARIN_BL: folds 
Gabrielfs13: folds 
30/13-138: raises 90 to 180
Reyvel: folds 
_pizza1x_: folds 
Loginis_555: folds 
Gibamaks: calls 135
OtavioBit: folds 
*** FLOP *** [Ks 3h 4h]
Gibamaks: checks 
30/13-138: bets 169
Gibamaks: calls 169
*** TURN *** [Ks 3h 4h] [Kc]
Gibamaks: checks 
30/13-138: checks 
*** RIVER *** [Ks 3h 4h Kc] [5d]
Gibamaks: bets 90
30/13-138: calls 90
*** SHOW DOWN ***
Gibamaks: shows [Ad Tc] (a pair of Kings)
30/13-138: shows [Ac Jh] (a pair of Kings - Ace+Jack kicker)
30/13-138 collected 1080 from pot
*** SUMMARY ***
Total pot 1080 | Rake 0 
Board [Ks 3h 4h Kc 5d]
Seat 1: Gibamaks (small blind) showed [Ad Tc] and lost with a pair of Kings
Seat 2: OtavioBit (big blind) folded before Flop
Seat 3: MARIN_BL folded before Flop (didn't bet)
Seat 4: Gabrielfs13 folded before Flop (didn't bet)
Seat 5: 30/13-138 showed [Ac Jh] and won (1080) with a pair of Kings
Seat 6: Reyvel folded before Flop (didn't bet)
Seat 7: _pizza1x_ folded before Flop (didn't bet)
Seat 8: Loginis_555 (button) folded before Flop (didn't bet)



PokerStars Hand #257264277710: Tournament #3916203240, $7.20+$7.50+$1.80 USD Hold'em No Limit - Level V (45/90) - 2025/08/08 15:16:53 BRT [2025/08/08 14:16:53 ET]
Table '3916203240 102' 8-max Seat #1 is the button
Seat 1: Gibamaks (1779 in chips, $7.50 bounty) 
Seat 2: OtavioBit (9369 in chips, $7.50 bounty) 
Seat 3: MARIN_BL (2852 in chips, $7.50 bounty) 
Seat 4: Gabrielfs13 (1591 in chips, $11.25 bounty) 
Seat 5: 30/13-138 (7007 in chips, $7.50 bounty) 
Seat 6: Reyvel (5559 in chips, $7.50 bounty) 
Seat 7: _pizza1x_ (8453 in chips, $7.50 bounty) 
Seat 8: Loginis_555 (4100 in chips, $7.50 bounty) 
Gibamaks: posts the ante 14
OtavioBit: posts the ante 14
MARIN_BL: posts the ante 14
Gabrielfs13: posts the ante 14
30/13-138: posts the ante 14
Reyvel: posts the ante 14
_pizza1x_: posts the ante 14
Loginis_555: posts the ante 14
OtavioBit: posts small blind 45
MARIN_BL: posts big blind 90
*** HOLE CARDS ***
Dealt to Gabrielfs13 [3h Kd]
Gabrielfs13: folds 
30/13-138: raises 90 to 180
Reyvel: folds 
_pizza1x_: folds 
Loginis_555: folds 
Gibamaks: folds 
OtavioBit: folds 
MARIN_BL: calls 90
*** FLOP *** [6c Qc Ac]
MARIN_BL: checks 
30/13-138: bets 155
MARIN_BL: folds 
Uncalled bet (155) returned to 30/13-138
30/13-138 collected 517 from pot
30/13-138: doesn't show hand 
*** SUMMARY ***
Total pot 517 | Rake 0 
Board [6c Qc Ac]
Seat 1: Gibamaks (button) folded before Flop (didn't bet)
Seat 2: OtavioBit (small blind) folded before Flop
Seat 3: MARIN_BL (big blind) folded on the Flop
Seat 4: Gabrielfs13 folded before Flop (didn't bet)
Seat 5: 30/13-138 collected (517)
Seat 6: Reyvel folded before Flop (didn't bet)
Seat 7: _pizza1x_ folded before Flop (didn't bet)
Seat 8: Loginis_555 folded before Flop (didn't bet)



PokerStars Hand #257264291147: Tournament #3916203240, $7.20+$7.50+$1.80 USD Hold'em No Limit - Level VI (50/100) - 2025/08/08 15:17:59 BRT [2025/08/08 14:17:59 ET]
Table '3916203240 102' 8-max Seat #2 is the button
Seat 1: Gibamaks (1765 in chips, $7.50 bounty) 
Seat 2: OtavioBit (9310 in chips, $7.50 bounty) 
Seat 3: MARIN_BL (2658 in chips, $7.50 bounty) 
Seat 4: Gabrielfs13 (1577 in chips, $11.25 bounty) 
Seat 5: 30/13-138 (7330 in chips, $7.50 bounty) 
Seat 6: Reyvel (5545 in chips, $7.50 bounty) 
Seat 7: _pizza1x_ (8439 in chips, $7.50 bounty) 
Seat 8: Loginis_555 (4086 in chips, $7.50 bounty) 
Gibamaks: posts the ante 15
OtavioBit: posts the ante 15
MARIN_BL: posts the ante 15
Gabrielfs13: posts the ante 15
30/13-138: posts the ante 15
Reyvel: posts the ante 15
_pizza1x_: posts the ante 15
Loginis_555: posts the ante 15
MARIN_BL: posts small blind 50
Gabrielfs13: posts big blind 100
*** HOLE CARDS ***
Dealt to Gabrielfs13 [7c 8d]
30/13-138: raises 100 to 200
Reyvel: folds 
_pizza1x_: folds 
Loginis_555: folds 
Gibamaks: raises 200 to 400
OtavioBit: folds 
MARIN_BL: folds 
Gabrielfs13: folds 
30/13-138: raises 6915 to 7315 and is all-in
Gibamaks: calls 1350 and is all-in
Uncalled bet (5565) returned to 30/13-138
*** FLOP *** [3s Td 7h]
*** TURN *** [3s Td 7h] [8c]
*** RIVER *** [3s Td 7h 8c] [5s]
*** SHOW DOWN ***
30/13-138: shows [Qc As] (high card Ace)
Gibamaks: shows [Kc Ac] (high card Ace - King kicker)
Gibamaks collected 3770 from pot
*** SUMMARY ***
Total pot 3770 | Rake 0 
Board [3s Td 7h 8c 5s]
Seat 1: Gibamaks showed [Kc Ac] and won (3770) with high card Ace
Seat 2: OtavioBit (button) folded before Flop (didn't bet)
Seat 3: MARIN_BL (small blind) folded before Flop
Seat 4: Gabrielfs13 (big blind) folded before Flop
Seat 5: 30/13-138 showed [Qc As] and lost with high card Ace
Seat 6: Reyvel folded before Flop (didn't bet)
Seat 7: _pizza1x_ folded before Flop (didn't bet)
Seat 8: Loginis_555 folded before Flop (didn't bet)



PokerStars Hand #257264301202: Tournament #3916203240, $7.20+$7.50+$1.80 USD Hold'em No Limit - Level VI (50/100) - 2025/08/08 15:18:48 BRT [2025/08/08 14:18:48 ET]
Table '3916203240 102' 8-max Seat #3 is the button
Seat 1: Gibamaks (3770 in chips, $7.50 bounty) 
Seat 2: OtavioBit (9295 in chips, $7.50 bounty) 
Seat 3: MARIN_BL (2593 in chips, $7.50 bounty) 
Seat 4: Gabrielfs13 (1462 in chips, $11.25 bounty) 
Seat 5: 30/13-138 (5565 in chips, $7.50 bounty) 
Seat 6: Reyvel (5530 in chips, $7.50 bounty) 
Seat 7: _pizza1x_ (8424 in chips, $7.50 bounty) 
Seat 8: Loginis_555 (4071 in chips, $7.50 bounty) 
Gibamaks: posts the ante 15
OtavioBit: posts the ante 15
MARIN_BL: posts the ante 15
Gabrielfs13: posts the ante 15
30/13-138: posts the ante 15
Reyvel: posts the ante 15
_pizza1x_: posts the ante 15
Loginis_555: posts the ante 15
Gabrielfs13: posts small blind 50
30/13-138: posts big blind 100
*** HOLE CARDS ***
Dealt to Gabrielfs13 [Ac 4h]
Reyvel: folds 
_pizza1x_: calls 100
Loginis_555: folds 
Gibamaks: folds 
OtavioBit: folds 
MARIN_BL: folds 
Gabrielfs13: folds 
30/13-138: checks 
*** FLOP *** [4s Ks 7d]
30/13-138: checks 
_pizza1x_: checks 
*** TURN *** [4s Ks 7d] [Qc]
30/13-138: checks 
_pizza1x_: checks 
*** RIVER *** [4s Ks 7d Qc] [8d]
30/13-138: checks 
_pizza1x_: checks 
*** SHOW DOWN ***
30/13-138: shows [3s Th] (high card King)
_pizza1x_: shows [Tc Ts] (a pair of Tens)
_pizza1x_ collected 370 from pot
*** SUMMARY ***
Total pot 370 | Rake 0 
Board [4s Ks 7d Qc 8d]
Seat 1: Gibamaks folded before Flop (didn't bet)
Seat 2: OtavioBit folded before Flop (didn't bet)
Seat 3: MARIN_BL (button) folded before Flop (didn't bet)
Seat 4: Gabrielfs13 (small blind) folded before Flop
Seat 5: 30/13-138 (big blind) showed [3s Th] and lost with high card King
Seat 6: Reyvel folded before Flop (didn't bet)
Seat 7: _pizza1x_ showed [Tc Ts] and won (370) with a pair of Tens
Seat 8: Loginis_555 folded before Flop (didn't bet)



PokerStars Hand #257264309558: Tournament #3916203240, $7.20+$7.50+$1.80 USD Hold'em No Limit - Level VI (50/100) - 2025/08/08 15:19:28 BRT [2025/08/08 14:19:28 ET]
Table '3916203240 102' 8-max Seat #4 is the button
Seat 1: Gibamaks (3755 in chips, $7.50 bounty) 
Seat 2: OtavioBit (9280 in chips, $7.50 bounty) 
Seat 3: MARIN_BL (2578 in chips, $7.50 bounty) 
Seat 4: Gabrielfs13 (1397 in chips, $11.25 bounty) 
Seat 5: 30/13-138 (5450 in chips, $7.50 bounty) 
Seat 6: Reyvel (5515 in chips, $7.50 bounty) 
Seat 7: _pizza1x_ (8679 in chips, $7.50 bounty) 
Seat 8: Loginis_555 (4056 in chips, $7.50 bounty) 
Gibamaks: posts the ante 15
OtavioBit: posts the ante 15
MARIN_BL: posts the ante 15
Gabrielfs13: posts the ante 15
30/13-138: posts the ante 15
Reyvel: posts the ante 15
_pizza1x_: posts the ante 15
Loginis_555: posts the ante 15
30/13-138: posts small blind 50
Reyvel: posts big blind 100
*** HOLE CARDS ***
Dealt to Gabrielfs13 [Tc 4h]
_pizza1x_: folds 
Loginis_555: folds 
Gibamaks: folds 
OtavioBit: folds 
MARIN_BL: folds 
Gabrielfs13: folds 
30/13-138: raises 250 to 350
Reyvel: folds 
Uncalled bet (250) returned to 30/13-138
30/13-138 collected 320 from pot
30/13-138: doesn't show hand 
*** SUMMARY ***
Total pot 320 | Rake 0 
Seat 1: Gibamaks folded before Flop (didn't bet)
Seat 2: OtavioBit folded before Flop (didn't bet)
Seat 3: MARIN_BL folded before Flop (didn't bet)
Seat 4: Gabrielfs13 (button) folded before Flop (didn't bet)
Seat 5: 30/13-138 (small blind) collected (320)
Seat 6: Reyvel (big blind) folded before Flop
Seat 7: _pizza1x_ folded before Flop (didn't bet)
Seat 8: Loginis_555 folded before Flop (didn't bet)



PokerStars Hand #257264317308: Tournament #3916203240, $7.20+$7.50+$1.80 USD Hold'em No Limit - Level VI (50/100) - 2025/08/08 15:20:06 BRT [2025/08/08 14:20:06 ET]
Table '3916203240 102' 8-max Seat #5 is the button
Seat 1: Gibamaks (3740 in chips, $7.50 bounty) 
Seat 2: OtavioBit (9265 in chips, $7.50 bounty) 
Seat 3: MARIN_BL (2563 in chips, $7.50 bounty) 
Seat 4: Gabrielfs13 (1382 in chips, $11.25 bounty) 
Seat 5: 30/13-138 (5655 in chips, $7.50 bounty) 
Seat 6: Reyvel (5400 in chips, $7.50 bounty) 
Seat 7: _pizza1x_ (8664 in chips, $7.50 bounty) 
Seat 8: Loginis_555 (4041 in chips, $7.50 bounty) 
Gibamaks: posts the ante 15
OtavioBit: posts the ante 15
MARIN_BL: posts the ante 15
Gabrielfs13: posts the ante 15
30/13-138: posts the ante 15
Reyvel: posts the ante 15
_pizza1x_: posts the ante 15
Loginis_555: posts the ante 15
Reyvel: posts small blind 50
_pizza1x_: posts big blind 100
*** HOLE CARDS ***
Dealt to Gabrielfs13 [3h 4h]
Loginis_555: folds 
Gibamaks: folds 
OtavioBit: folds 
MARIN_BL: raises 100 to 200
Gabrielfs13: folds 
30/13-138: calls 200
Reyvel: folds 
_pizza1x_: folds 
*** FLOP *** [7d Qc 3d]
MARIN_BL: checks 
30/13-138: bets 201
MARIN_BL: folds 
Uncalled bet (201) returned to 30/13-138
30/13-138 collected 670 from pot
30/13-138: doesn't show hand 
*** SUMMARY ***
Total pot 670 | Rake 0 
Board [7d Qc 3d]
Seat 1: Gibamaks folded before Flop (didn't bet)
Seat 2: OtavioBit folded before Flop (didn't bet)
Seat 3: MARIN_BL folded on the Flop
Seat 4: Gabrielfs13 folded before Flop (didn't bet)
Seat 5: 30/13-138 (button) collected (670)
Seat 6: Reyvel (small blind) folded before Flop
Seat 7: _pizza1x_ (big blind) folded before Flop
Seat 8: Loginis_555 folded before Flop (didn't bet)



PokerStars Hand #257264327917: Tournament #3916203240, $7.20+$7.50+$1.80 USD Hold'em No Limit - Level VI (50/100) - 2025/08/08 15:20:57 BRT [2025/08/08 14:20:57 ET]
Table '3916203240 102' 8-max Seat #6 is the button
Seat 1: Gibamaks (3725 in chips, $7.50 bounty) 
Seat 2: OtavioBit (9250 in chips, $7.50 bounty) 
Seat 3: MARIN_BL (2348 in chips, $7.50 bounty) 
Seat 4: Gabrielfs13 (1367 in chips, $11.25 bounty) 
Seat 5: 30/13-138 (6110 in chips, $7.50 bounty) 
Seat 6: Reyvel (5335 in chips, $7.50 bounty) 
Seat 7: _pizza1x_ (8549 in chips, $7.50 bounty) 
Seat 8: Loginis_555 (4026 in chips, $7.50 bounty) 
Gibamaks: posts the ante 15
OtavioBit: posts the ante 15
MARIN_BL: posts the ante 15
Gabrielfs13: posts the ante 15
30/13-138: posts the ante 15
Reyvel: posts the ante 15
_pizza1x_: posts the ante 15
Loginis_555: posts the ante 15
_pizza1x_: posts small blind 50
Loginis_555: posts big blind 100
*** HOLE CARDS ***
Dealt to Gabrielfs13 [5d 2s]
Gibamaks: folds 
OtavioBit: raises 100 to 200
MARIN_BL: folds 
Gabrielfs13: folds 
30/13-138: folds 
Reyvel: folds 
_pizza1x_: folds 
Loginis_555: folds 
Uncalled bet (100) returned to OtavioBit
OtavioBit collected 370 from pot
OtavioBit: doesn't show hand 
*** SUMMARY ***
Total pot 370 | Rake 0 
Seat 1: Gibamaks folded before Flop (didn't bet)
Seat 2: OtavioBit collected (370)
Seat 3: MARIN_BL folded before Flop (didn't bet)
Seat 4: Gabrielfs13 folded before Flop (didn't bet)
Seat 5: 30/13-138 folded before Flop (didn't bet)
Seat 6: Reyvel (button) folded before Flop (didn't bet)
Seat 7: _pizza1x_ (small blind) folded before Flop
Seat 8: Loginis_555 (big blind) folded before Flop



PokerStars Hand #257264333241: Tournament #3916203240, $7.20+$7.50+$1.80 USD Hold'em No Limit - Level VI (50/100) - 2025/08/08 15:21:23 BRT [2025/08/08 14:21:23 ET]
Table '3916203240 102' 8-max Seat #7 is the button
Seat 1: Gibamaks (3710 in chips, $7.50 bounty) 
Seat 2: OtavioBit (9505 in chips, $7.50 bounty) 
Seat 3: MARIN_BL (2333 in chips, $7.50 bounty) 
Seat 4: Gabrielfs13 (1352 in chips, $11.25 bounty) 
Seat 5: 30/13-138 (6095 in chips, $7.50 bounty) 
Seat 6: Reyvel (5320 in chips, $7.50 bounty) 
Seat 7: _pizza1x_ (8484 in chips, $7.50 bounty) 
Seat 8: Loginis_555 (3911 in chips, $7.50 bounty) 
Gibamaks: posts the ante 15
OtavioBit: posts the ante 15
MARIN_BL: posts the ante 15
Gabrielfs13: posts the ante 15
30/13-138: posts the ante 15
Reyvel: posts the ante 15
_pizza1x_: posts the ante 15
Loginis_555: posts the ante 15
Loginis_555: posts small blind 50
Gibamaks: posts big blind 100
*** HOLE CARDS ***
Dealt to Gabrielfs13 [3d Th]
OtavioBit: folds 
MARIN_BL: folds 
Gabrielfs13: folds 
30/13-138: folds 
Reyvel: raises 100 to 200
_pizza1x_: folds 
Loginis_555: calls 150
Gibamaks: calls 100
*** FLOP *** [6h As 2s]
Loginis_555: checks 
Gibamaks: checks 
Reyvel: bets 238
Loginis_555: calls 238
Gibamaks: folds 
*** TURN *** [6h As 2s] [4c]
Loginis_555: checks 
Reyvel: bets 900
Loginis_555: raises 2558 to 3458 and is all-in
Reyvel: folds 
Uncalled bet (2558) returned to Loginis_555
Loginis_555 collected 2996 from pot
Loginis_555: doesn't show hand 
*** SUMMARY ***
Total pot 2996 | Rake 0 
Board [6h As 2s 4c]
Seat 1: Gibamaks (big blind) folded on the Flop
Seat 2: OtavioBit folded before Flop (didn't bet)
Seat 3: MARIN_BL folded before Flop (didn't bet)
Seat 4: Gabrielfs13 folded before Flop (didn't bet)
Seat 5: 30/13-138 folded before Flop (didn't bet)
Seat 6: Reyvel folded on the Turn
Seat 7: _pizza1x_ (button) folded before Flop (didn't bet)
Seat 8: Loginis_555 (small blind) collected (2996)



PokerStars Hand #257264352398: Tournament #3916203240, $7.20+$7.50+$1.80 USD Hold'em No Limit - Level VI (50/100) - 2025/08/08 15:22:57 BRT [2025/08/08 14:22:57 ET]
Table '3916203240 102' 8-max Seat #8 is the button
Seat 1: Gibamaks (3495 in chips, $7.50 bounty) 
Seat 2: OtavioBit (9490 in chips, $7.50 bounty) 
Seat 3: MARIN_BL (2318 in chips, $7.50 bounty) 
Seat 4: Gabrielfs13 (1337 in chips, $11.25 bounty) 
Seat 5: 30/13-138 (6080 in chips, $7.50 bounty) 
Seat 6: Reyvel (3967 in chips, $7.50 bounty) 
Seat 7: _pizza1x_ (8469 in chips, $7.50 bounty) 
Seat 8: Loginis_555 (5554 in chips, $7.50 bounty) 
Gibamaks: posts the ante 15
OtavioBit: posts the ante 15
MARIN_BL: posts the ante 15
Gabrielfs13: posts the ante 15
30/13-138: posts the ante 15
Reyvel: posts the ante 15
_pizza1x_: posts the ante 15
Loginis_555: posts the ante 15
Gibamaks: posts small blind 50
OtavioBit: posts big blind 100
*** HOLE CARDS ***
Dealt to Gabrielfs13 [6c 2c]
MARIN_BL: folds 
Gabrielfs13: folds 
30/13-138: folds 
Reyvel: folds 
_pizza1x_: folds 
Loginis_555: raises 112 to 212
Gibamaks: folds 
OtavioBit: calls 112
*** FLOP *** [6h Jc 7d]
OtavioBit: checks 
Loginis_555: bets 200
OtavioBit: raises 500 to 700
Loginis_555: calls 500
*** TURN *** [6h Jc 7d] [3h]
OtavioBit: bets 1657
Loginis_555: calls 1657
*** RIVER *** [6h Jc 7d 3h] [Ad]
OtavioBit: bets 3079
Loginis_555: calls 2970 and is all-in
Uncalled bet (109) returned to OtavioBit
*** SHOW DOWN ***
OtavioBit: shows [2h 8h] (high card Ace)
Loginis_555: shows [7h 7c] (three of a kind, Sevens)
Loginis_555 collected 11248 from pot
*** SUMMARY ***
Total pot 11248 | Rake 0 
Board [6h Jc 7d 3h Ad]
Seat 1: Gibamaks (small blind) folded before Flop
Seat 2: OtavioBit (big blind) showed [2h 8h] and lost with high card Ace
Seat 3: MARIN_BL folded before Flop (didn't bet)
Seat 4: Gabrielfs13 folded before Flop (didn't bet)
Seat 5: 30/13-138 folded before Flop (didn't bet)
Seat 6: Reyvel folded before Flop (didn't bet)
Seat 7: _pizza1x_ folded before Flop (didn't bet)
Seat 8: Loginis_555 (button) showed [7h 7c] and won (11248) with three of a kind, Sevens



PokerStars Hand #257264374827: Tournament #3916203240, $7.20+$7.50+$1.80 USD Hold'em No Limit - Level VI (50/100) - 2025/08/08 15:24:45 BRT [2025/08/08 14:24:45 ET]
Table '3916203240 102' 8-max Seat #1 is the button
Seat 1: Gibamaks (3430 in chips, $7.50 bounty) 
Seat 2: OtavioBit (3936 in chips, $7.50 bounty) 
Seat 3: MARIN_BL (2303 in chips, $7.50 bounty) 
Seat 4: Gabrielfs13 (1322 in chips, $11.25 bounty) 
Seat 5: 30/13-138 (6065 in chips, $7.50 bounty) 
Seat 6: Reyvel (3952 in chips, $7.50 bounty) 
Seat 7: _pizza1x_ (8454 in chips, $7.50 bounty) 
Seat 8: Loginis_555 (11248 in chips, $7.50 bounty) 
Gibamaks: posts the ante 15
OtavioBit: posts the ante 15
MARIN_BL: posts the ante 15
Gabrielfs13: posts the ante 15
30/13-138: posts the ante 15
Reyvel: posts the ante 15
_pizza1x_: posts the ante 15
Loginis_555: posts the ante 15
OtavioBit: posts small blind 50
MARIN_BL: posts big blind 100
*** HOLE CARDS ***
Dealt to Gabrielfs13 [Ah 2c]
Gabrielfs13: folds 
30/13-138: folds 
Reyvel: folds 
_pizza1x_: calls 100
Loginis_555: folds 
Gibamaks: folds 
OtavioBit: calls 50
MARIN_BL: checks 
*** FLOP *** [8c 6s Ks]
OtavioBit: checks 
MARIN_BL: checks 
_pizza1x_: checks 
*** TURN *** [8c 6s Ks] [Kh]
OtavioBit: bets 244
MARIN_BL: folds 
_pizza1x_: folds 
Uncalled bet (244) returned to OtavioBit
OtavioBit collected 420 from pot
OtavioBit: doesn't show hand 
*** SUMMARY ***
Total pot 420 | Rake 0 
Board [8c 6s Ks Kh]
Seat 1: Gibamaks (button) folded before Flop (didn't bet)
Seat 2: OtavioBit (small blind) collected (420)
Seat 3: MARIN_BL (big blind) folded on the Turn
Seat 4: Gabrielfs13 folded before Flop (didn't bet)
Seat 5: 30/13-138 folded before Flop (didn't bet)
Seat 6: Reyvel folded before Flop (didn't bet)
Seat 7: _pizza1x_ folded on the Turn
Seat 8: Loginis_555 folded before Flop (didn't bet)



PokerStars Hand #257264385861: Tournament #3916203240, $7.20+$7.50+$1.80 USD Hold'em No Limit - Level VI (50/100) - 2025/08/08 15:25:38 BRT [2025/08/08 14:25:38 ET]
Table '3916203240 102' 8-max Seat #2 is the button
Seat 1: Gibamaks (3415 in chips, $7.50 bounty) 
Seat 2: OtavioBit (4241 in chips, $7.50 bounty) 
Seat 3: MARIN_BL (2188 in chips, $7.50 bounty) 
Seat 4: Gabrielfs13 (1307 in chips, $11.25 bounty) 
Seat 5: 30/13-138 (6050 in chips, $7.50 bounty) 
Seat 6: Reyvel (3937 in chips, $7.50 bounty) 
Seat 7: _pizza1x_ (8339 in chips, $7.50 bounty) 
Seat 8: Loginis_555 (11233 in chips, $7.50 bounty) 
Gibamaks: posts the ante 15
OtavioBit: posts the ante 15
MARIN_BL: posts the ante 15
Gabrielfs13: posts the ante 15
30/13-138: posts the ante 15
Reyvel: posts the ante 15
_pizza1x_: posts the ante 15
Loginis_555: posts the ante 15
MARIN_BL: posts small blind 50
Gabrielfs13: posts big blind 100
*** HOLE CARDS ***
Dealt to Gabrielfs13 [2h 9d]
30/13-138: folds 
Reyvel: folds 
_pizza1x_: folds 
Loginis_555: folds 
Gibamaks: folds 
OtavioBit: raises 100 to 200
MARIN_BL: folds 
Gabrielfs13: folds 
Uncalled bet (100) returned to OtavioBit
OtavioBit collected 370 from pot
OtavioBit: doesn't show hand 
*** SUMMARY ***
Total pot 370 | Rake 0 
Seat 1: Gibamaks folded before Flop (didn't bet)
Seat 2: OtavioBit (button) collected (370)
Seat 3: MARIN_BL (small blind) folded before Flop
Seat 4: Gabrielfs13 (big blind) folded before Flop
Seat 5: 30/13-138 folded before Flop (didn't bet)
Seat 6: Reyvel folded before Flop (didn't bet)
Seat 7: _pizza1x_ folded before Flop (didn't bet)
Seat 8: Loginis_555 folded before Flop (didn't bet)



PokerStars Hand #257264394934: Tournament #3916203240, $7.20+$7.50+$1.80 USD Hold'em No Limit - Level VII (60/120) - 2025/08/08 15:26:23 BRT [2025/08/08 14:26:23 ET]
Table '3916203240 102' 8-max Seat #3 is the button
Seat 1: Gibamaks (3400 in chips, $7.50 bounty) 
Seat 2: OtavioBit (4496 in chips, $7.50 bounty) 
Seat 3: MARIN_BL (2123 in chips, $7.50 bounty) 
Seat 4: Gabrielfs13 (1192 in chips, $11.25 bounty) 
Seat 5: 30/13-138 (6035 in chips, $7.50 bounty) 
Seat 6: Reyvel (3922 in chips, $7.50 bounty) 
Seat 7: _pizza1x_ (8324 in chips, $7.50 bounty) 
Seat 8: Loginis_555 (11218 in chips, $7.50 bounty) 
Gibamaks: posts the ante 18
OtavioBit: posts the ante 18
MARIN_BL: posts the ante 18
Gabrielfs13: posts the ante 18
30/13-138: posts the ante 18
Reyvel: posts the ante 18
_pizza1x_: posts the ante 18
Loginis_555: posts the ante 18
Gabrielfs13: posts small blind 60
30/13-138: posts big blind 120
*** HOLE CARDS ***
Dealt to Gabrielfs13 [7d 4s]
Reyvel: folds 
_pizza1x_: folds 
Loginis_555: raises 134 to 254
Gibamaks: folds 
OtavioBit: folds 
MARIN_BL: folds 
Gabrielfs13: folds 
30/13-138: calls 134
*** FLOP *** [8h 5c Ah]
30/13-138: checks 
Loginis_555: bets 240
30/13-138: raises 960 to 1200
Loginis_555: folds 
Uncalled bet (960) returned to 30/13-138
30/13-138 collected 1192 from pot
30/13-138: doesn't show hand 
*** SUMMARY ***
Total pot 1192 | Rake 0 
Board [8h 5c Ah]
Seat 1: Gibamaks folded before Flop (didn't bet)
Seat 2: OtavioBit folded before Flop (didn't bet)
Seat 3: MARIN_BL (button) folded before Flop (didn't bet)
Seat 4: Gabrielfs13 (small blind) folded before Flop
Seat 5: 30/13-138 (big blind) collected (1192)
Seat 6: Reyvel folded before Flop (didn't bet)
Seat 7: _pizza1x_ folded before Flop (didn't bet)
Seat 8: Loginis_555 folded on the Flop



PokerStars Hand #257264409619: Tournament #3916203240, $7.20+$7.50+$1.80 USD Hold'em No Limit - Level VII (60/120) - 2025/08/08 15:27:34 BRT [2025/08/08 14:27:34 ET]
Table '3916203240 102' 8-max Seat #4 is the button
Seat 1: Gibamaks (3382 in chips, $7.50 bounty) 
Seat 2: OtavioBit (4478 in chips, $7.50 bounty) 
Seat 3: MARIN_BL (2105 in chips, $7.50 bounty) 
Seat 4: Gabrielfs13 (1114 in chips, $11.25 bounty) 
Seat 5: 30/13-138 (6715 in chips, $7.50 bounty) 
Seat 6: Reyvel (3904 in chips, $7.50 bounty) 
Seat 7: _pizza1x_ (8306 in chips, $7.50 bounty) 
Seat 8: Loginis_555 (10706 in chips, $7.50 bounty) 
Gibamaks: posts the ante 18
OtavioBit: posts the ante 18
MARIN_BL: posts the ante 18
Gabrielfs13: posts the ante 18
30/13-138: posts the ante 18
Reyvel: posts the ante 18
_pizza1x_: posts the ante 18
Loginis_555: posts the ante 18
30/13-138: posts small blind 60
Reyvel: posts big blind 120
*** HOLE CARDS ***
Dealt to Gabrielfs13 [2c Tc]
_pizza1x_: folds 
Loginis_555: folds 
Gibamaks: folds 
OtavioBit: folds 
MARIN_BL: folds 
Gabrielfs13: folds 
30/13-138: raises 300 to 420
Reyvel: folds 
Uncalled bet (300) returned to 30/13-138
30/13-138 collected 384 from pot
30/13-138: doesn't show hand 
*** SUMMARY ***
Total pot 384 | Rake 0 
Seat 1: Gibamaks folded before Flop (didn't bet)
Seat 2: OtavioBit folded before Flop (didn't bet)
Seat 3: MARIN_BL folded before Flop (didn't bet)
Seat 4: Gabrielfs13 (button) folded before Flop (didn't bet)
Seat 5: 30/13-138 (small blind) collected (384)
Seat 6: Reyvel (big blind) folded before Flop
Seat 7: _pizza1x_ folded before Flop (didn't bet)
Seat 8: Loginis_555 folded before Flop (didn't bet)



PokerStars Hand #257264417517: Tournament #3916203240, $7.20+$7.50+$1.80 USD Hold'em No Limit - Level VII (60/120) - 2025/08/08 15:28:12 BRT [2025/08/08 14:28:12 ET]
Table '3916203240 102' 8-max Seat #5 is the button
Seat 1: Gibamaks (3364 in chips, $7.50 bounty) 
Seat 2: OtavioBit (4460 in chips, $7.50 bounty) 
Seat 3: MARIN_BL (2087 in chips, $7.50 bounty) 
Seat 4: Gabrielfs13 (1096 in chips, $11.25 bounty) 
Seat 5: 30/13-138 (6961 in chips, $7.50 bounty) 
Seat 6: Reyvel (3766 in chips, $7.50 bounty) 
Seat 7: _pizza1x_ (8288 in chips, $7.50 bounty) 
Seat 8: Loginis_555 (10688 in chips, $7.50 bounty) 
Gibamaks: posts the ante 18
OtavioBit: posts the ante 18
MARIN_BL: posts the ante 18
Gabrielfs13: posts the ante 18
30/13-138: posts the ante 18
Reyvel: posts the ante 18
_pizza1x_: posts the ante 18
Loginis_555: posts the ante 18
Reyvel: posts small blind 60
_pizza1x_: posts big blind 120
*** HOLE CARDS ***
Dealt to Gabrielfs13 [5d 7s]
Loginis_555: folds 
Gibamaks: folds 
OtavioBit: folds 
MARIN_BL: folds 
Gabrielfs13: folds 
30/13-138: raises 120 to 240
Reyvel: folds 
_pizza1x_: calls 120
*** FLOP *** [8h Ac Td]
_pizza1x_: checks 
30/13-138: bets 205
_pizza1x_: raises 205 to 410
30/13-138: folds 
Uncalled bet (205) returned to _pizza1x_
_pizza1x_ collected 1094 from pot
*** SUMMARY ***
Total pot 1094 | Rake 0 
Board [8h Ac Td]
Seat 1: Gibamaks folded before Flop (didn't bet)
Seat 2: OtavioBit folded before Flop (didn't bet)
Seat 3: MARIN_BL folded before Flop (didn't bet)
Seat 4: Gabrielfs13 folded before Flop (didn't bet)
Seat 5: 30/13-138 (button) folded on the Flop
Seat 6: Reyvel (small blind) folded before Flop
Seat 7: _pizza1x_ (big blind) collected (1094)
Seat 8: Loginis_555 folded before Flop (didn't bet)



PokerStars Hand #257264428125: Tournament #3916203240, $7.20+$7.50+$1.80 USD Hold'em No Limit - Level VII (60/120) - 2025/08/08 15:29:04 BRT [2025/08/08 14:29:04 ET]
Table '3916203240 102' 8-max Seat #6 is the button
Seat 1: Gibamaks (3346 in chips, $7.50 bounty) 
Seat 2: OtavioBit (4442 in chips, $7.50 bounty) 
Seat 3: MARIN_BL (2069 in chips, $7.50 bounty) 
Seat 4: Gabrielfs13 (1078 in chips, $11.25 bounty) 
Seat 5: 30/13-138 (6498 in chips, $7.50 bounty) 
Seat 6: Reyvel (3688 in chips, $7.50 bounty) 
Seat 7: _pizza1x_ (8919 in chips, $7.50 bounty) 
Seat 8: Loginis_555 (10670 in chips, $7.50 bounty) 
Gibamaks: posts the ante 18
OtavioBit: posts the ante 18
MARIN_BL: posts the ante 18
Gabrielfs13: posts the ante 18
30/13-138: posts the ante 18
Reyvel: posts the ante 18
_pizza1x_: posts the ante 18
Loginis_555: posts the ante 18
_pizza1x_: posts small blind 60
Loginis_555: posts big blind 120
*** HOLE CARDS ***
Dealt to Gabrielfs13 [Ts 5s]
Gibamaks: folds 
OtavioBit: folds 
MARIN_BL: folds 
Gabrielfs13: folds 
30/13-138: folds 
Reyvel: raises 120 to 240
_pizza1x_: calls 180
Loginis_555: calls 120
*** FLOP *** [9d 5h Td]
_pizza1x_: checks 
Loginis_555: checks 
Reyvel: checks 
*** TURN *** [9d 5h Td] [8h]
_pizza1x_: checks 
Loginis_555: checks 
Reyvel: checks 
*** RIVER *** [9d 5h Td 8h] [Qs]
_pizza1x_: bets 432
Loginis_555: folds 
Reyvel: folds 
Uncalled bet (432) returned to _pizza1x_
_pizza1x_ collected 864 from pot
*** SUMMARY ***
Total pot 864 | Rake 0 
Board [9d 5h Td 8h Qs]
Seat 1: Gibamaks folded before Flop (didn't bet)
Seat 2: OtavioBit folded before Flop (didn't bet)
Seat 3: MARIN_BL folded before Flop (didn't bet)
Seat 4: Gabrielfs13 folded before Flop (didn't bet)
Seat 5: 30/13-138 folded before Flop (didn't bet)
Seat 6: Reyvel (button) folded on the River
Seat 7: _pizza1x_ (small blind) collected (864)
Seat 8: Loginis_555 (big blind) folded on the River



PokerStars Hand #257264443953: Tournament #3916203240, $7.20+$7.50+$1.80 USD Hold'em No Limit - Level VII (60/120) - 2025/08/08 15:30:19 BRT [2025/08/08 14:30:19 ET]
Table '3916203240 102' 8-max Seat #7 is the button
Seat 1: Gibamaks (3328 in chips, $7.50 bounty) 
Seat 2: OtavioBit (4424 in chips, $7.50 bounty) 
Seat 3: MARIN_BL (2051 in chips, $7.50 bounty) 
Seat 4: Gabrielfs13 (1060 in chips, $11.25 bounty) 
Seat 5: 30/13-138 (6480 in chips, $7.50 bounty) 
Seat 6: Reyvel (3430 in chips, $7.50 bounty) 
Seat 7: _pizza1x_ (9525 in chips, $7.50 bounty) 
Seat 8: Loginis_555 (10412 in chips, $7.50 bounty) 
Gibamaks: posts the ante 18
OtavioBit: posts the ante 18
MARIN_BL: posts the ante 18
Gabrielfs13: posts the ante 18
30/13-138: posts the ante 18
Reyvel: posts the ante 18
_pizza1x_: posts the ante 18
Loginis_555: posts the ante 18
Loginis_555: posts small blind 60
Gibamaks: posts big blind 120
*** HOLE CARDS ***
Dealt to Gabrielfs13 [7h Kc]
OtavioBit: raises 120 to 240
MARIN_BL: folds 
Gabrielfs13: folds 
30/13-138: folds 
Reyvel: folds 
_pizza1x_: folds 
Loginis_555: folds 
Gibamaks: folds 
Uncalled bet (120) returned to OtavioBit
OtavioBit collected 444 from pot
OtavioBit: doesn't show hand 
*** SUMMARY ***
Total pot 444 | Rake 0 
Seat 1: Gibamaks (big blind) folded before Flop
Seat 2: OtavioBit collected (444)
Seat 3: MARIN_BL folded before Flop (didn't bet)
Seat 4: Gabrielfs13 folded before Flop (didn't bet)
Seat 5: 30/13-138 folded before Flop (didn't bet)
Seat 6: Reyvel folded before Flop (didn't bet)
Seat 7: _pizza1x_ (button) folded before Flop (didn't bet)
Seat 8: Loginis_555 (small blind) folded before Flop



PokerStars Hand #257264449021: Tournament #3916203240, $7.20+$7.50+$1.80 USD Hold'em No Limit - Level VII (60/120) - 2025/08/08 15:30:44 BRT [2025/08/08 14:30:44 ET]
Table '3916203240 102' 8-max Seat #8 is the button
Seat 1: Gibamaks (3190 in chips, $7.50 bounty) 
Seat 2: OtavioBit (4730 in chips, $7.50 bounty) 
Seat 3: MARIN_BL (2033 in chips, $7.50 bounty) 
Seat 4: Gabrielfs13 (1042 in chips, $11.25 bounty) 
Seat 5: 30/13-138 (6462 in chips, $7.50 bounty) 
Seat 6: Reyvel (3412 in chips, $7.50 bounty) 
Seat 7: _pizza1x_ (9507 in chips, $7.50 bounty) 
Seat 8: Loginis_555 (10334 in chips, $7.50 bounty) 
Gibamaks: posts the ante 18
OtavioBit: posts the ante 18
MARIN_BL: posts the ante 18
Gabrielfs13: posts the ante 18
30/13-138: posts the ante 18
Reyvel: posts the ante 18
_pizza1x_: posts the ante 18
Loginis_555: posts the ante 18
Gibamaks: posts small blind 60
OtavioBit: posts big blind 120
*** HOLE CARDS ***
Dealt to Gabrielfs13 [Tc Ac]
MARIN_BL: folds 
Gabrielfs13: raises 904 to 1024 and is all-in
30/13-138: calls 1024
Reyvel: raises 2370 to 3394 and is all-in
_pizza1x_: folds 
Loginis_555: folds 
Gibamaks: calls 3112 and is all-in
OtavioBit: folds 
30/13-138: calls 2370
*** FLOP *** [Qc 8d 2h]
*** TURN *** [Qc 8d 2h] [Td]
*** RIVER *** [Qc 8d 2h Td] [Jh]
*** SHOW DOWN ***
30/13-138: shows [6s 7s] (high card Queen)
Reyvel: shows [Jd Ad] (a pair of Jacks)
Reyvel collected 444 from side pot-2 
Gibamaks: shows [Qh Ah] (a pair of Queens)
Gibamaks collected 6444 from side pot-1 
Gabrielfs13: shows [Tc Ac] (a pair of Tens)
Gibamaks collected 4360 from main pot
Gibamaks wins $5.63 for eliminating Gabrielfs13 and their own bounty increases by $5.62 to $13.12
Gabrielfs13 finished the tournament
*** SUMMARY ***
Total pot 11248 Main pot 4360. Side pot-1 6444. Side pot-2 444. | Rake 0 
Board [Qc 8d 2h Td Jh]
Seat 1: Gibamaks (small blind) showed [Qh Ah] and won (10804) with a pair of Queens
Seat 2: OtavioBit (big blind) folded before Flop
Seat 3: MARIN_BL folded before Flop (didn't bet)
Seat 4: Gabrielfs13 showed [Tc Ac] and lost with a pair of Tens
Seat 5: 30/13-138 showed [6s 7s] and lost with high card Queen
Seat 6: Reyvel showed [Jd Ad] and won (444) with a pair of Jacks
Seat 7: _pizza1x_ folded before Flop (didn't bet)
Seat 8: Loginis_555 (button) folded before Flop (didn't bet)



PokerStars Hand #257264466816: Tournament #3916203240, $7.20+$7.50+$1.80 USD Hold'em No Limit - Level VII (60/120) - 2025/08/08 15:32:09 BRT [2025/08/08 14:32:09 ET]
Table '3916203240 75' 8-max Seat #1 is the button
Seat 1: theplumber96 (6154 in chips, $7.50 bounty) 
Seat 2: allesii (4826 in chips, $7.50 bounty) 
Seat 3: docheff (4815 in chips, $7.50 bounty) 
Seat 4: yurovskikh (6640 in chips, $11.25 bounty) 
Seat 5: RadiMC (8776 in chips, $7.50 bounty) 
Seat 6: Gabrielfs13 (5000 in chips, $7.50 bounty) 
Seat 7: DJborya17 (5085 in chips, $7.50 bounty) 
Seat 8: GabrielSMR (10824 in chips, $15 bounty) 
theplumber96: posts the ante 18
allesii: posts the ante 18
docheff: posts the ante 18
yurovskikh: posts the ante 18
RadiMC: posts the ante 18
Gabrielfs13: posts the ante 18
DJborya17: posts the ante 18
GabrielSMR: posts the ante 18
allesii: posts small blind 60
docheff: posts big blind 120
*** HOLE CARDS ***
Dealt to Gabrielfs13 [6h 5s]
yurovskikh: folds 
RadiMC: folds 
Gabrielfs13: folds 
DJborya17: raises 144 to 264
GabrielSMR: raises 456 to 720
theplumber96: folds 
allesii: folds 
docheff: calls 600
DJborya17: raises 4347 to 5067 and is all-in
GabrielSMR: raises 5739 to 10806 and is all-in
docheff: calls 4077 and is all-in
Uncalled bet (5739) returned to GabrielSMR
*** FLOP *** [8h 5h 2h]
*** TURN *** [8h 5h 2h] [4c]
*** RIVER *** [8h 5h 2h 4c] [8s]
*** SHOW DOWN ***
DJborya17: shows [Qh Qd] (two pair, Queens and Eights)
GabrielSMR: shows [Kh Ad] (a pair of Eights)
DJborya17 collected 540 from side pot
docheff: shows [Th Ts] (two pair, Tens and Eights)
DJborya17 collected 14595 from main pot
DJborya17 wins $3.75 for eliminating docheff and their own bounty increases by $3.75 to $11.25
docheff finished the tournament
*** SUMMARY ***
Total pot 15135 Main pot 14595. Side pot 540. | Rake 0 
Board [8h 5h 2h 4c 8s]
Seat 1: theplumber96 (button) folded before Flop (didn't bet)
Seat 2: allesii (small blind) folded before Flop
Seat 3: docheff (big blind) showed [Th Ts] and lost with two pair, Tens and Eights
Seat 4: yurovskikh folded before Flop (didn't bet)
Seat 5: RadiMC folded before Flop (didn't bet)
Seat 6: Gabrielfs13 folded before Flop (didn't bet)
Seat 7: DJborya17 showed [Qh Qd] and won (15135) with two pair, Queens and Eights
Seat 8: GabrielSMR showed [Kh Ad] and lost with a pair of Eights



PokerStars Hand #257264479412: Tournament #3916203240, $7.20+$7.50+$1.80 USD Hold'em No Limit - Level VII (60/120) - 2025/08/08 15:33:11 BRT [2025/08/08 14:33:11 ET]
Table '3916203240 75' 8-max Seat #2 is the button
Seat 1: theplumber96 (6136 in chips, $7.50 bounty) 
Seat 2: allesii (4748 in chips, $7.50 bounty) 
Seat 4: yurovskikh (6622 in chips, $11.25 bounty) 
Seat 5: RadiMC (8758 in chips, $7.50 bounty) 
Seat 6: Gabrielfs13 (4982 in chips, $7.50 bounty) 
Seat 7: DJborya17 (15135 in chips, $11.25 bounty) 
Seat 8: GabrielSMR (5739 in chips, $15 bounty) 
theplumber96: posts the ante 18
allesii: posts the ante 18
yurovskikh: posts the ante 18
RadiMC: posts the ante 18
Gabrielfs13: posts the ante 18
DJborya17: posts the ante 18
GabrielSMR: posts the ante 18
yurovskikh: posts small blind 60
RadiMC: posts big blind 120
*** HOLE CARDS ***
Dealt to Gabrielfs13 [8s 8c]
Gabrielfs13: raises 120 to 240
DJborya17: folds 
GabrielSMR: folds 
Pinte86 is disconnected 
theplumber96: folds 
allesii: folds 
yurovskikh: folds 
RadiMC: raises 546 to 786
Gabrielfs13: calls 546
*** FLOP *** [Jd 2s 7h]
RadiMC: bets 563
Gabrielfs13: calls 563
*** TURN *** [Jd 2s 7h] [4d]
RadiMC: checks 
Gabrielfs13: bets 1442
RadiMC: raises 2884 to 4326
Gabrielfs13: calls 2173 and is all-in
Uncalled bet (711) returned to RadiMC
*** RIVER *** [Jd 2s 7h 4d] [5s]
*** SHOW DOWN ***
RadiMC: shows [Ac Ad] (a pair of Aces)
Gabrielfs13: shows [8s 8c] (a pair of Eights)
RadiMC collected 10114 from pot
RadiMC wins $3.75 for eliminating Gabrielfs13 and their own bounty increases by $3.75 to $11.25
Gabrielfs13 finished the tournament
*** SUMMARY ***
Total pot 10114 | Rake 0 
Board [Jd 2s 7h 4d 5s]
Seat 1: theplumber96 folded before Flop (didn't bet)
Seat 2: allesii (button) folded before Flop (didn't bet)
Seat 4: yurovskikh (small blind) folded before Flop
Seat 5: RadiMC (big blind) showed [Ac Ad] and won (10114) with a pair of Aces
Seat 6: Gabrielfs13 showed [8s 8c] and lost with a pair of Eights
Seat 7: DJborya17 folded before Flop (didn't bet)
Seat 8: GabrielSMR folded before Flop (didn't bet)



PokerStars Hand #257264503163: Tournament #3916203240, $7.20+$7.50+$1.80 USD Hold'em No Limit - Level VIII (70/140) - 2025/08/08 15:35:05 BRT [2025/08/08 14:35:05 ET]
Table '3916203240 85' 8-max Seat #8 is the button
Seat 1: Minaric (6129 in chips, $7.50 bounty) 
Seat 2: OHMYDAYS212 (4863 in chips, $7.50 bounty) 
Seat 3: dame990 (4969 in chips, $7.50 bounty) 
Seat 4: abato1146 (26583 in chips, $20.62 bounty) 
Seat 5: Gianesini. (4979 in chips, $7.50 bounty) 
Seat 6: Gabrielfs13 (5000 in chips, $7.50 bounty) 
Seat 7: Tumbalha (3566 in chips, $7.50 bounty) 
Seat 8: Heinomat (3669 in chips, $7.50 bounty) 
Minaric: posts the ante 21
OHMYDAYS212: posts the ante 21
dame990: posts the ante 21
abato1146: posts the ante 21
Gianesini.: posts the ante 21
Gabrielfs13: posts the ante 21
Tumbalha: posts the ante 21
Heinomat: posts the ante 21
Minaric: posts small blind 70
OHMYDAYS212: posts big blind 140
*** HOLE CARDS ***
Dealt to Gabrielfs13 [9d 9h]
dame990: folds 
abato1146: folds 
Gianesini.: folds 
Gabrielfs13: raises 140 to 280
Tumbalha: folds 
Heinomat: raises 3368 to 3648 and is all-in
Minaric: folds 
OHMYDAYS212 is disconnected 
OHMYDAYS212 has timed out while disconnected
OHMYDAYS212: folds 
OHMYDAYS212 is sitting out
Gabrielfs13: calls 3368
*** FLOP *** [2d 2c 5s]
*** TURN *** [2d 2c 5s] [Qd]
*** RIVER *** [2d 2c 5s Qd] [2h]
*** SHOW DOWN ***
Gabrielfs13: shows [9d 9h] (a full house, Deuces full of Nines)
Heinomat: shows [Ts Tc] (a full house, Deuces full of Tens)
Heinomat collected 7674 from pot
*** SUMMARY ***
Total pot 7674 | Rake 0 
Board [2d 2c 5s Qd 2h]
Seat 1: Minaric (small blind) folded before Flop
Seat 2: OHMYDAYS212 (big blind) folded before Flop
Seat 3: dame990 folded before Flop (didn't bet)
Seat 4: abato1146 folded before Flop (didn't bet)
Seat 5: Gianesini. folded before Flop (didn't bet)
Seat 6: Gabrielfs13 showed [9d 9h] and lost with a full house, Deuces full of Nines
Seat 7: Tumbalha folded before Flop (didn't bet)
Seat 8: Heinomat (button) showed [Ts Tc] and won (7674) with a full house, Deuces full of Tens



PokerStars Hand #257264514369: Tournament #3916203240, $7.20+$7.50+$1.80 USD Hold'em No Limit - Level VIII (70/140) - 2025/08/08 15:36:00 BRT [2025/08/08 14:36:00 ET]
Table '3916203240 85' 8-max Seat #1 is the button
Seat 1: Minaric (6038 in chips, $7.50 bounty) 
Seat 2: OHMYDAYS212 (4702 in chips, $7.50 bounty) is sitting out
Seat 3: dame990 (4948 in chips, $7.50 bounty) 
Seat 4: abato1146 (26562 in chips, $20.62 bounty) 
Seat 5: Gianesini. (4958 in chips, $7.50 bounty) 
Seat 6: Gabrielfs13 (1331 in chips, $7.50 bounty) 
Seat 7: Tumbalha (3545 in chips, $7.50 bounty) 
Seat 8: Heinomat (7674 in chips, $7.50 bounty) 
Minaric: posts the ante 21
OHMYDAYS212: posts the ante 21
dame990: posts the ante 21
abato1146: posts the ante 21
Gianesini.: posts the ante 21
Gabrielfs13: posts the ante 21
Tumbalha: posts the ante 21
Heinomat: posts the ante 21
OHMYDAYS212: posts small blind 70
dame990: posts big blind 140
*** HOLE CARDS ***
Dealt to Gabrielfs13 [Ks 7h]
abato1146: raises 140 to 280
Gianesini.: raises 4657 to 4937 and is all-in
Gabrielfs13: folds 
Tumbalha: folds 
Heinomat: folds 
Minaric: folds 
OHMYDAYS212: folds 
dame990: folds 
abato1146: folds 
Uncalled bet (4657) returned to Gianesini.
Gianesini. collected 938 from pot
Gianesini.: doesn't show hand 
*** SUMMARY ***
Total pot 938 | Rake 0 
Seat 1: Minaric (button) folded before Flop (didn't bet)
Seat 2: OHMYDAYS212 (small blind) folded before Flop
Seat 3: dame990 (big blind) folded before Flop
Seat 4: abato1146 folded before Flop
Seat 5: Gianesini. collected (938)
Seat 6: Gabrielfs13 folded before Flop (didn't bet)
Seat 7: Tumbalha folded before Flop (didn't bet)
Seat 8: Heinomat folded before Flop (didn't bet)



PokerStars Hand #257264520951: Tournament #3916203240, $7.20+$7.50+$1.80 USD Hold'em No Limit - Level VIII (70/140) - 2025/08/08 15:36:32 BRT [2025/08/08 14:36:32 ET]
Table '3916203240 85' 8-max Seat #2 is the button
Seat 1: Minaric (6017 in chips, $7.50 bounty) 
Seat 2: OHMYDAYS212 (4611 in chips, $7.50 bounty) is sitting out
Seat 3: dame990 (4787 in chips, $7.50 bounty) 
Seat 4: abato1146 (26261 in chips, $20.62 bounty) 
Seat 5: Gianesini. (5595 in chips, $7.50 bounty) 
Seat 6: Gabrielfs13 (1310 in chips, $7.50 bounty) 
Seat 7: Tumbalha (3524 in chips, $7.50 bounty) 
Seat 8: Heinomat (7653 in chips, $7.50 bounty) 
Minaric: posts the ante 21
OHMYDAYS212: posts the ante 21
dame990: posts the ante 21
abato1146: posts the ante 21
Gianesini.: posts the ante 21
Gabrielfs13: posts the ante 21
Tumbalha: posts the ante 21
Heinomat: posts the ante 21
dame990: posts small blind 70
abato1146: posts big blind 140
*** HOLE CARDS ***
Dealt to Gabrielfs13 [8d 8c]
Gianesini.: folds 
Gabrielfs13: raises 1149 to 1289 and is all-in
Tumbalha: folds 
Heinomat: raises 6343 to 7632 and is all-in
OHMYDAYS212 has returned
Minaric: folds 
OHMYDAYS212 has timed out
OHMYDAYS212: folds 
OHMYDAYS212 is sitting out
dame990: folds 
abato1146: folds 
Uncalled bet (6343) returned to Heinomat
*** FLOP *** [9s Kd 2c]
*** TURN *** [9s Kd 2c] [3c]
*** RIVER *** [9s Kd 2c 3c] [6s]
*** SHOW DOWN ***
Gabrielfs13: shows [8d 8c] (a pair of Eights)
Heinomat: shows [6d 6c] (three of a kind, Sixes)
Heinomat collected 2956 from pot
Heinomat wins $3.75 for eliminating Gabrielfs13 and their own bounty increases by $3.75 to $11.25
Gabrielfs13 finished the tournament
*** SUMMARY ***
Total pot 2956 | Rake 0 
Board [9s Kd 2c 3c 6s]
Seat 1: Minaric folded before Flop (didn't bet)
Seat 2: OHMYDAYS212 (button) folded before Flop (didn't bet)
Seat 3: dame990 (small blind) folded before Flop
Seat 4: abato1146 (big blind) folded before Flop
Seat 5: Gianesini. folded before Flop (didn't bet)
Seat 6: Gabrielfs13 showed [8d 8c] and lost with a pair of Eights
Seat 7: Tumbalha folded before Flop (didn't bet)
Seat 8: Heinomat showed [6d 6c] and won (2956) with three of a kind, Sixes



