PokerStars Hand #257084788287: Tournament #3911958623, $4.80+$5.00+$1.20 USD Hold'em No Limit - Level I (15/30) - 2025/07/25 14:15:00 BRT [2025/07/25 13:15:00 ET]
Table '3911958623 9' 8-max Seat #1 is the button
Seat 1: ElTigr0 (5000 in chips, $5 bounty) 
Seat 2: cincinati123 (5000 in chips, $5 bounty) 
Seat 3: kateko22 (5000 in chips, $5 bounty) 
Seat 4: pokeralexus (5000 in chips, $5 bounty) 
Seat 5: Omentor77 (5000 in chips, $5 bounty) 
Seat 6: aljechoo (5000 in chips, $5 bounty) 
Seat 7: GustavoWSOP (5000 in chips, $5 bounty) 
Seat 8: Gabrielfs13 (5000 in chips, $5 bounty) 
ElTigr0: posts the ante 4
cincinati123: posts the ante 4
kateko22: posts the ante 4
pokeralexus: posts the ante 4
Omentor77: posts the ante 4
aljechoo: posts the ante 4
GustavoWSOP: posts the ante 4
Gabrielfs13: posts the ante 4
cincinati123: posts small blind 15
kateko22: posts big blind 30
*** HOLE CARDS ***
Dealt to Gabrielfs13 [8s 4h]
cincinati123 is disconnected 
pokeralexus: folds 
Omentor77: folds 
aljechoo: folds 
GustavoWSOP: raises 45 to 75
Gabrielfs13: folds 
ElTigr0: calls 75
cincinati123: calls 60
kateko22: folds 
*** FLOP *** [Jc 2s Qs]
cincinati123: checks 
GustavoWSOP: bets 95
ElTigr0: folds 
cincinati123: calls 95
*** TURN *** [Jc 2s Qs] [5h]
cincinati123: checks 
GustavoWSOP: checks 
*** RIVER *** [Jc 2s Qs 5h] [Td]
cincinati123: checks 
GustavoWSOP: bets 511
cincinati123: folds 
Uncalled bet (511) returned to GustavoWSOP
GustavoWSOP collected 477 from pot
GustavoWSOP: doesn't show hand 
*** SUMMARY ***
Total pot 477 | Rake 0 
Board [Jc 2s Qs 5h Td]
Seat 1: ElTigr0 (button) folded on the Flop
Seat 2: cincinati123 (small blind) folded on the River
Seat 3: kateko22 (big blind) folded before Flop
Seat 4: pokeralexus folded before Flop (didn't bet)
Seat 5: Omentor77 folded before Flop (didn't bet)
Seat 6: aljechoo folded before Flop (didn't bet)
Seat 7: GustavoWSOP collected (477)
Seat 8: Gabrielfs13 folded before Flop (didn't bet)



PokerStars Hand #257084807557: Tournament #3911958623, $4.80+$5.00+$1.20 USD Hold'em No Limit - Level I (15/30) - 2025/07/25 14:16:40 BRT [2025/07/25 13:16:40 ET]
Table '3911958623 9' 8-max Seat #2 is the button
Seat 1: ElTigr0 (4921 in chips, $5 bounty) 
Seat 2: cincinati123 (4826 in chips, $5 bounty) 
Seat 3: kateko22 (4966 in chips, $5 bounty) 
Seat 4: pokeralexus (4996 in chips, $5 bounty) 
Seat 5: Omentor77 (4996 in chips, $5 bounty) 
Seat 6: aljechoo (4996 in chips, $5 bounty) 
Seat 7: GustavoWSOP (5303 in chips, $5 bounty) 
Seat 8: Gabrielfs13 (4996 in chips, $5 bounty) 
ElTigr0: posts the ante 4
cincinati123: posts the ante 4
kateko22: posts the ante 4
pokeralexus: posts the ante 4
Omentor77: posts the ante 4
aljechoo: posts the ante 4
GustavoWSOP: posts the ante 4
Gabrielfs13: posts the ante 4
kateko22: posts small blind 15
pokeralexus: posts big blind 30
*** HOLE CARDS ***
Dealt to Gabrielfs13 [Jd Kh]
Omentor77: folds 
aljechoo: folds 
GustavoWSOP: folds 
Gabrielfs13: raises 30 to 60
ElTigr0: folds 
cincinati123: folds 
kateko22: folds 
pokeralexus: raises 212 to 272
Gabrielfs13: calls 212
*** FLOP *** [8h 4c 2s]
pokeralexus: bets 195
Gabrielfs13: folds 
Uncalled bet (195) returned to pokeralexus
pokeralexus collected 591 from pot
pokeralexus: doesn't show hand 
*** SUMMARY ***
Total pot 591 | Rake 0 
Board [8h 4c 2s]
Seat 1: ElTigr0 folded before Flop (didn't bet)
Seat 2: cincinati123 (button) folded before Flop (didn't bet)
Seat 3: kateko22 (small blind) folded before Flop
Seat 4: pokeralexus (big blind) collected (591)
Seat 5: Omentor77 folded before Flop (didn't bet)
Seat 6: aljechoo folded before Flop (didn't bet)
Seat 7: GustavoWSOP folded before Flop (didn't bet)
Seat 8: Gabrielfs13 folded on the Flop



PokerStars Hand #257084816699: Tournament #3911958623, $4.80+$5.00+$1.20 USD Hold'em No Limit - Level I (15/30) - 2025/07/25 14:17:29 BRT [2025/07/25 13:17:29 ET]
Table '3911958623 9' 8-max Seat #3 is the button
Seat 1: ElTigr0 (4917 in chips, $5 bounty) 
Seat 2: cincinati123 (4822 in chips, $5 bounty) 
Seat 3: kateko22 (4947 in chips, $5 bounty) 
Seat 4: pokeralexus (5311 in chips, $5 bounty) 
Seat 5: Omentor77 (4992 in chips, $5 bounty) 
Seat 6: aljechoo (4992 in chips, $5 bounty) 
Seat 7: GustavoWSOP (5299 in chips, $5 bounty) 
Seat 8: Gabrielfs13 (4720 in chips, $5 bounty) 
ElTigr0: posts the ante 4
cincinati123: posts the ante 4
kateko22: posts the ante 4
pokeralexus: posts the ante 4
Omentor77: posts the ante 4
aljechoo: posts the ante 4
GustavoWSOP: posts the ante 4
Gabrielfs13: posts the ante 4
pokeralexus: posts small blind 15
Omentor77: posts big blind 30
*** HOLE CARDS ***
Dealt to Gabrielfs13 [9h Kd]
aljechoo: folds 
GustavoWSOP: folds 
Gabrielfs13: folds 
ElTigr0: folds 
cincinati123: raises 107 to 137
kateko22: folds 
pokeralexus: folds 
Omentor77: folds 
Uncalled bet (107) returned to cincinati123
cincinati123 collected 107 from pot
*** SUMMARY ***
Total pot 107 | Rake 0 
Seat 1: ElTigr0 folded before Flop (didn't bet)
Seat 2: cincinati123 collected (107)
Seat 3: kateko22 (button) folded before Flop (didn't bet)
Seat 4: pokeralexus (small blind) folded before Flop
Seat 5: Omentor77 (big blind) folded before Flop
Seat 6: aljechoo folded before Flop (didn't bet)
Seat 7: GustavoWSOP folded before Flop (didn't bet)
Seat 8: Gabrielfs13 folded before Flop (didn't bet)



PokerStars Hand #257084824050: Tournament #3911958623, $4.80+$5.00+$1.20 USD Hold'em No Limit - Level I (15/30) - 2025/07/25 14:18:08 BRT [2025/07/25 13:18:08 ET]
Table '3911958623 9' 8-max Seat #4 is the button
Seat 1: ElTigr0 (4913 in chips, $5 bounty) 
Seat 2: cincinati123 (4895 in chips, $5 bounty) 
Seat 3: kateko22 (4943 in chips, $5 bounty) 
Seat 4: pokeralexus (5292 in chips, $5 bounty) 
Seat 5: Omentor77 (4958 in chips, $5 bounty) 
Seat 6: aljechoo (4988 in chips, $5 bounty) 
Seat 7: GustavoWSOP (5295 in chips, $5 bounty) 
Seat 8: Gabrielfs13 (4716 in chips, $5 bounty) 
ElTigr0: posts the ante 4
cincinati123: posts the ante 4
kateko22: posts the ante 4
pokeralexus: posts the ante 4
Omentor77: posts the ante 4
aljechoo: posts the ante 4
GustavoWSOP: posts the ante 4
Gabrielfs13: posts the ante 4
Omentor77: posts small blind 15
aljechoo: posts big blind 30
*** HOLE CARDS ***
Dealt to Gabrielfs13 [3d Kc]
GustavoWSOP: raises 30 to 60
Gabrielfs13: folds 
ElTigr0: folds 
cincinati123: folds 
kateko22: folds 
pokeralexus: folds 
Omentor77: calls 45
aljechoo: folds 
*** FLOP *** [8h 5s Jd]
Omentor77: bets 60
GustavoWSOP: raises 157 to 217
Omentor77: calls 157
*** TURN *** [8h 5s Jd] [4c]
Omentor77: checks 
GustavoWSOP: bets 440
Omentor77: calls 440
*** RIVER *** [8h 5s Jd 4c] [4h]
Omentor77: checks 
GustavoWSOP: checks 
*** SHOW DOWN ***
Omentor77: shows [5d 8d] (two pair, Eights and Fives)
GustavoWSOP: mucks hand 
Omentor77 collected 1496 from pot
*** SUMMARY ***
Total pot 1496 | Rake 0 
Board [8h 5s Jd 4c 4h]
Seat 1: ElTigr0 folded before Flop (didn't bet)
Seat 2: cincinati123 folded before Flop (didn't bet)
Seat 3: kateko22 folded before Flop (didn't bet)
Seat 4: pokeralexus (button) folded before Flop (didn't bet)
Seat 5: Omentor77 (small blind) showed [5d 8d] and won (1496) with two pair, Eights and Fives
Seat 6: aljechoo (big blind) folded before Flop
Seat 7: GustavoWSOP mucked [Th 9h]
Seat 8: Gabrielfs13 folded before Flop (didn't bet)



PokerStars Hand #257084837789: Tournament #3911958623, $4.80+$5.00+$1.20 USD Hold'em No Limit - Level I (15/30) - 2025/07/25 14:19:21 BRT [2025/07/25 13:19:21 ET]
Table '3911958623 9' 8-max Seat #5 is the button
Seat 1: ElTigr0 (4909 in chips, $5 bounty) 
Seat 2: cincinati123 (4891 in chips, $5 bounty) 
Seat 3: kateko22 (4939 in chips, $5 bounty) 
Seat 4: pokeralexus (5288 in chips, $5 bounty) 
Seat 5: Omentor77 (5733 in chips, $5 bounty) 
Seat 6: aljechoo (4954 in chips, $5 bounty) 
Seat 7: GustavoWSOP (4574 in chips, $5 bounty) 
Seat 8: Gabrielfs13 (4712 in chips, $5 bounty) 
ElTigr0: posts the ante 4
cincinati123: posts the ante 4
kateko22: posts the ante 4
pokeralexus: posts the ante 4
Omentor77: posts the ante 4
aljechoo: posts the ante 4
GustavoWSOP: posts the ante 4
Gabrielfs13: posts the ante 4
aljechoo: posts small blind 15
GustavoWSOP: posts big blind 30
*** HOLE CARDS ***
Dealt to Gabrielfs13 [7h Jc]
Gabrielfs13: folds 
ElTigr0: folds 
cincinati123: folds 
kateko22: folds 
pokeralexus: folds 
Omentor77: raises 45 to 75
aljechoo: folds 
GustavoWSOP: calls 45
*** FLOP *** [5h 4s Js]
GustavoWSOP: checks 
Omentor77: bets 65
GustavoWSOP: raises 268 to 333
Omentor77: folds 
Uncalled bet (268) returned to GustavoWSOP
GustavoWSOP collected 327 from pot
*** SUMMARY ***
Total pot 327 | Rake 0 
Board [5h 4s Js]
Seat 1: ElTigr0 folded before Flop (didn't bet)
Seat 2: cincinati123 folded before Flop (didn't bet)
Seat 3: kateko22 folded before Flop (didn't bet)
Seat 4: pokeralexus folded before Flop (didn't bet)
Seat 5: Omentor77 (button) folded on the Flop
Seat 6: aljechoo (small blind) folded before Flop
Seat 7: GustavoWSOP (big blind) collected (327)
Seat 8: Gabrielfs13 folded before Flop (didn't bet)



PokerStars Hand #257084848261: Tournament #3911958623, $4.80+$5.00+$1.20 USD Hold'em No Limit - Level II (20/40) - 2025/07/25 14:20:16 BRT [2025/07/25 13:20:16 ET]
Table '3911958623 30' 8-max Seat #1 is the button
Seat 1: Gabrielfs13 (4708 in chips, $5 bounty) 
Seat 2: armaster (4958 in chips, $5 bounty) 
Seat 3: daniel_pones (4911 in chips, $5 bounty) 
Seat 4: damjanos (4984 in chips, $5 bounty) 
Seat 5: Vi7u (4551 in chips, $5 bounty) 
Gabrielfs13: posts the ante 5
armaster: posts the ante 5
daniel_pones: posts the ante 5
damjanos: posts the ante 5
Vi7u: posts the ante 5
armaster: posts small blind 20
daniel_pones: posts big blind 40
*** HOLE CARDS ***
Dealt to Gabrielfs13 [Js 2d]
Vi7u is disconnected 
knerrad29 is disconnected 
myforum is disconnected 
damjanos: folds 
Vi7u: raises 40 to 80
Gabrielfs13: folds 
armaster: folds 
daniel_pones: folds 
Uncalled bet (40) returned to Vi7u
Vi7u collected 125 from pot
Vi7u: doesn't show hand 
*** SUMMARY ***
Total pot 125 | Rake 0 
Seat 1: Gabrielfs13 (button) folded before Flop (didn't bet)
Seat 2: armaster (small blind) folded before Flop
Seat 3: daniel_pones (big blind) folded before Flop
Seat 4: damjanos folded before Flop (didn't bet)
Seat 5: Vi7u collected (125)



PokerStars Hand #257084853018: Tournament #3911958623, $4.80+$5.00+$1.20 USD Hold'em No Limit - Level II (20/40) - 2025/07/25 14:20:42 BRT [2025/07/25 13:20:42 ET]
Table '3911958623 30' 8-max Seat #2 is the button
Seat 1: Gabrielfs13 (4703 in chips, $5 bounty) 
Seat 2: armaster (4933 in chips, $5 bounty) 
Seat 3: daniel_pones (4866 in chips, $5 bounty) 
Seat 4: damjanos (4979 in chips, $5 bounty) 
Seat 5: Vi7u (4631 in chips, $5 bounty) 
Seat 6: knerrad29 (4897 in chips, $5 bounty) 
Seat 8: myforum (5000 in chips, $5 bounty) 
Gabrielfs13: posts the ante 5
armaster: posts the ante 5
daniel_pones: posts the ante 5
damjanos: posts the ante 5
Vi7u: posts the ante 5
knerrad29: posts the ante 5
myforum: posts the ante 5
daniel_pones: posts small blind 20
damjanos: posts big blind 40
*** HOLE CARDS ***
Dealt to Gabrielfs13 [Js 3d]
Vi7u: folds 
knerrad29: folds 
myforum: folds 
Gabrielfs13: folds 
armaster: folds 
mirodelas7 is disconnected 
daniel_pones: raises 68 to 108
damjanos: folds 
Uncalled bet (68) returned to daniel_pones
daniel_pones collected 115 from pot
daniel_pones: doesn't show hand 
*** SUMMARY ***
Total pot 115 | Rake 0 
Seat 1: Gabrielfs13 folded before Flop (didn't bet)
Seat 2: armaster (button) folded before Flop (didn't bet)
Seat 3: daniel_pones (small blind) collected (115)
Seat 4: damjanos (big blind) folded before Flop
Seat 5: Vi7u folded before Flop (didn't bet)
Seat 6: knerrad29 folded before Flop (didn't bet)
Seat 8: myforum folded before Flop (didn't bet)



PokerStars Hand #257084858914: Tournament #3911958623, $4.80+$5.00+$1.20 USD Hold'em No Limit - Level II (20/40) - 2025/07/25 14:21:12 BRT [2025/07/25 13:21:12 ET]
Table '3911958623 30' 8-max Seat #3 is the button
Seat 1: Gabrielfs13 (4698 in chips, $5 bounty) 
Seat 2: armaster (4928 in chips, $5 bounty) 
Seat 3: daniel_pones (4936 in chips, $5 bounty) 
Seat 4: damjanos (4934 in chips, $5 bounty) 
Seat 6: knerrad29 (4892 in chips, $5 bounty) 
Seat 7: mirodelas7 (5000 in chips, $5 bounty) 
Seat 8: myforum (4995 in chips, $5 bounty) 
Gabrielfs13: posts the ante 5
armaster: posts the ante 5
daniel_pones: posts the ante 5
damjanos: posts the ante 5
knerrad29: posts the ante 5
mirodelas7: posts the ante 5
myforum: posts the ante 5
damjanos: posts small blind 20
knerrad29: posts big blind 40
*** HOLE CARDS ***
Dealt to Gabrielfs13 [3s 3d]
mirodelas7: folds 
myforum: calls 40
danilo_pegas is disconnected 
Gabrielfs13: calls 40
armaster: raises 130 to 170
daniel_pones: folds 
damjanos: calls 150
knerrad29: folds 
myforum: calls 130
Gabrielfs13: calls 130
*** FLOP *** [8c 5d Qh]
damjanos: checks 
myforum: checks 
Gabrielfs13: checks 
armaster: bets 300
damjanos: calls 300
myforum: calls 300
Gabrielfs13: folds 
*** TURN *** [8c 5d Qh] [4c]
damjanos: checks 
myforum: checks 
armaster: bets 1100
damjanos: folds 
myforum: calls 1100
*** RIVER *** [8c 5d Qh 4c] [4d]
myforum: checks 
armaster: bets 3353 and is all-in
myforum: folds 
Uncalled bet (3353) returned to armaster
armaster collected 3855 from pot
*** SUMMARY ***
Total pot 3855 | Rake 0 
Board [8c 5d Qh 4c 4d]
Seat 1: Gabrielfs13 folded on the Flop
Seat 2: armaster collected (3855)
Seat 3: daniel_pones (button) folded before Flop (didn't bet)
Seat 4: damjanos (small blind) folded on the Turn
Seat 6: knerrad29 (big blind) folded before Flop
Seat 7: mirodelas7 folded before Flop (didn't bet)
Seat 8: myforum folded on the River



PokerStars Hand #257084887678: Tournament #3911958623, $4.80+$5.00+$1.20 USD Hold'em No Limit - Level II (20/40) - 2025/07/25 14:23:45 BRT [2025/07/25 13:23:45 ET]
Table '3911958623 30' 8-max Seat #4 is the button
Seat 1: Gabrielfs13 (4523 in chips, $5 bounty) 
Seat 2: armaster (7208 in chips, $5 bounty) 
Seat 3: daniel_pones (4931 in chips, $5 bounty) 
Seat 4: damjanos (4459 in chips, $5 bounty) 
Seat 5: danilo_pegas (5000 in chips) out of hand (moved from another table into small blind)
Seat 6: knerrad29 (4847 in chips, $5 bounty) 
Seat 8: myforum (3420 in chips, $5 bounty) 
danilo_pegas will be allowed to play after the button
Gabrielfs13: posts the ante 5
armaster: posts the ante 5
daniel_pones: posts the ante 5
damjanos: posts the ante 5
knerrad29: posts the ante 5
myforum: posts the ante 5
knerrad29: posts small blind 20
myforum: posts big blind 40
*** HOLE CARDS ***
Dealt to Gabrielfs13 [5h 8h]
Gabrielfs13: folds 
armaster: raises 48 to 88
daniel_pones: raises 172 to 260
damjanos: folds 
PMPokerMan is disconnected 
knerrad29: folds 
myforum: folds 
armaster: folds 
Uncalled bet (172) returned to daniel_pones
daniel_pones collected 266 from pot
daniel_pones: doesn't show hand 
*** SUMMARY ***
Total pot 266 | Rake 0 
Seat 1: Gabrielfs13 folded before Flop (didn't bet)
Seat 2: armaster folded before Flop
Seat 3: daniel_pones collected (266)
Seat 4: damjanos (button) folded before Flop (didn't bet)
Seat 6: knerrad29 (small blind) folded before Flop
Seat 8: myforum (big blind) folded before Flop



PokerStars Hand #257084897682: Tournament #3911958623, $4.80+$5.00+$1.20 USD Hold'em No Limit - Level II (20/40) - 2025/07/25 14:24:37 BRT [2025/07/25 13:24:37 ET]
Table '3911958623 30' 8-max Seat #6 is the button
Seat 1: Gabrielfs13 (4518 in chips, $5 bounty) 
Seat 2: armaster (7115 in chips, $5 bounty) 
Seat 3: daniel_pones (5104 in chips, $5 bounty) 
Seat 4: damjanos (4454 in chips, $5 bounty) 
Seat 5: danilo_pegas (5000 in chips, $5 bounty) 
Seat 6: knerrad29 (4822 in chips, $5 bounty) 
Seat 7: PMPokerMan (5000 in chips) out of hand (moved from another table into small blind)
Seat 8: myforum (3375 in chips, $5 bounty) 
PMPokerMan will be allowed to play after the button
Gabrielfs13: posts the ante 5
armaster: posts the ante 5
daniel_pones: posts the ante 5
damjanos: posts the ante 5
danilo_pegas: posts the ante 5
knerrad29: posts the ante 5
myforum: posts the ante 5
myforum: posts small blind 20
Gabrielfs13: posts big blind 40
*** HOLE CARDS ***
Dealt to Gabrielfs13 [Ah Tc]
armaster: calls 40
daniel_pones: folds 
damjanos: folds 
danilo_pegas: folds 
knerrad29: folds 
myforum: raises 160 to 200
Gabrielfs13: calls 160
armaster: calls 160
*** FLOP *** [9h Kc 6c]
myforum: checks 
Gabrielfs13: checks 
armaster: checks 
*** TURN *** [9h Kc 6c] [2h]
myforum: bets 318
Gabrielfs13: folds 
armaster: calls 318
*** RIVER *** [9h Kc 6c 2h] [4c]
myforum: checks 
armaster: checks 
*** SHOW DOWN ***
myforum: shows [Qh Qd] (a pair of Queens)
armaster: mucks hand 
myforum collected 1271 from pot
*** SUMMARY ***
Total pot 1271 | Rake 0 
Board [9h Kc 6c 2h 4c]
Seat 1: Gabrielfs13 (big blind) folded on the Turn
Seat 2: armaster mucked [4h 5h]
Seat 3: daniel_pones folded before Flop (didn't bet)
Seat 4: damjanos folded before Flop (didn't bet)
Seat 5: danilo_pegas folded before Flop (didn't bet)
Seat 6: knerrad29 (button) folded before Flop (didn't bet)
Seat 8: myforum (small blind) showed [Qh Qd] and won (1271) with a pair of Queens



PokerStars Hand #257084911990: Tournament #3911958623, $4.80+$5.00+$1.20 USD Hold'em No Limit - Level III (25/50) - 2025/07/25 14:25:53 BRT [2025/07/25 13:25:53 ET]
Table '3911958623 30' 8-max Seat #8 is the button
Seat 1: Gabrielfs13 (4313 in chips, $5 bounty) 
Seat 2: armaster (6592 in chips, $5 bounty) 
Seat 3: daniel_pones (5099 in chips, $5 bounty) 
Seat 4: damjanos (4449 in chips, $5 bounty) 
Seat 5: danilo_pegas (4995 in chips, $5 bounty) 
Seat 6: knerrad29 (4817 in chips, $5 bounty) 
Seat 7: PMPokerMan (5000 in chips, $5 bounty) 
Seat 8: myforum (4123 in chips, $5 bounty) 
Gabrielfs13: posts the ante 6
armaster: posts the ante 6
daniel_pones: posts the ante 6
damjanos: posts the ante 6
danilo_pegas: posts the ante 6
knerrad29: posts the ante 6
PMPokerMan: posts the ante 6
myforum: posts the ante 6
Gabrielfs13: posts small blind 25
armaster: posts big blind 50
*** HOLE CARDS ***
Dealt to Gabrielfs13 [Qd Kh]
daniel_pones: folds 
damjanos: folds 
danilo_pegas: folds 
knerrad29: folds 
PMPokerMan: folds 
myforum: folds 
Gabrielfs13: raises 100 to 150
armaster: folds 
Uncalled bet (100) returned to Gabrielfs13
Gabrielfs13 collected 148 from pot
Gabrielfs13: doesn't show hand 
*** SUMMARY ***
Total pot 148 | Rake 0 
Seat 1: Gabrielfs13 (small blind) collected (148)
Seat 2: armaster (big blind) folded before Flop
Seat 3: daniel_pones folded before Flop (didn't bet)
Seat 4: damjanos folded before Flop (didn't bet)
Seat 5: danilo_pegas folded before Flop (didn't bet)
Seat 6: knerrad29 folded before Flop (didn't bet)
Seat 7: PMPokerMan folded before Flop (didn't bet)
Seat 8: myforum (button) folded before Flop (didn't bet)



PokerStars Hand #257084919805: Tournament #3911958623, $4.80+$5.00+$1.20 USD Hold'em No Limit - Level III (25/50) - 2025/07/25 14:26:34 BRT [2025/07/25 13:26:34 ET]
Table '3911958623 30' 8-max Seat #1 is the button
Seat 1: Gabrielfs13 (4405 in chips, $5 bounty) 
Seat 2: armaster (6536 in chips, $5 bounty) 
Seat 3: daniel_pones (5093 in chips, $5 bounty) 
Seat 4: damjanos (4443 in chips, $5 bounty) 
Seat 5: danilo_pegas (4989 in chips, $5 bounty) 
Seat 6: knerrad29 (4811 in chips, $5 bounty) 
Seat 7: PMPokerMan (4994 in chips, $5 bounty) 
Seat 8: myforum (4117 in chips, $5 bounty) 
Gabrielfs13: posts the ante 6
armaster: posts the ante 6
daniel_pones: posts the ante 6
damjanos: posts the ante 6
danilo_pegas: posts the ante 6
knerrad29: posts the ante 6
PMPokerMan: posts the ante 6
myforum: posts the ante 6
armaster: posts small blind 25
daniel_pones: posts big blind 50
*** HOLE CARDS ***
Dealt to Gabrielfs13 [Td 3h]
damjanos: folds 
danilo_pegas: folds 
knerrad29: folds 
PMPokerMan: folds 
myforum: raises 50 to 100
Gabrielfs13: folds 
armaster: folds 
daniel_pones: calls 50
*** FLOP *** [Jc 5h 8c]
daniel_pones: checks 
myforum: bets 300
daniel_pones: folds 
Uncalled bet (300) returned to myforum
myforum collected 273 from pot
myforum: doesn't show hand 
*** SUMMARY ***
Total pot 273 | Rake 0 
Board [Jc 5h 8c]
Seat 1: Gabrielfs13 (button) folded before Flop (didn't bet)
Seat 2: armaster (small blind) folded before Flop
Seat 3: daniel_pones (big blind) folded on the Flop
Seat 4: damjanos folded before Flop (didn't bet)
Seat 5: danilo_pegas folded before Flop (didn't bet)
Seat 6: knerrad29 folded before Flop (didn't bet)
Seat 7: PMPokerMan folded before Flop (didn't bet)
Seat 8: myforum collected (273)



PokerStars Hand #257084931293: Tournament #3911958623, $4.80+$5.00+$1.20 USD Hold'em No Limit - Level III (25/50) - 2025/07/25 14:27:35 BRT [2025/07/25 13:27:35 ET]
Table '3911958623 30' 8-max Seat #2 is the button
Seat 1: Gabrielfs13 (4399 in chips, $5 bounty) 
Seat 2: armaster (6505 in chips, $5 bounty) 
Seat 3: daniel_pones (4987 in chips, $5 bounty) 
Seat 5: danilo_pegas (4983 in chips, $5 bounty) 
Seat 6: knerrad29 (4805 in chips, $5 bounty) 
Seat 7: PMPokerMan (4988 in chips, $5 bounty) 
Seat 8: myforum (4284 in chips, $5 bounty) 
Gabrielfs13: posts the ante 6
armaster: posts the ante 6
daniel_pones: posts the ante 6
danilo_pegas: posts the ante 6
knerrad29: posts the ante 6
PMPokerMan: posts the ante 6
myforum: posts the ante 6
daniel_pones: posts small blind 25
danilo_pegas: posts big blind 50
*** HOLE CARDS ***
Dealt to Gabrielfs13 [Td Tc]
knerrad29: folds 
PMPokerMan: folds 
myforum: folds 
Gabrielfs13: raises 50 to 100
armaster: folds 
daniel_pones: calls 75
danilo_pegas: raises 500 to 600
Gabrielfs13: calls 500
Toshiro_Koga is disconnected 
daniel_pones: folds 
*** FLOP *** [Qd 4c 7h]
danilo_pegas: bets 336
Gabrielfs13: calls 336
*** TURN *** [Qd 4c 7h] [Qc]
danilo_pegas: bets 1027
Gabrielfs13: calls 1027
*** RIVER *** [Qd 4c 7h Qc] [6d]
danilo_pegas: checks 
Gabrielfs13: checks 
*** SHOW DOWN ***
danilo_pegas: shows [As Js] (a pair of Queens)
Gabrielfs13: shows [Td Tc] (two pair, Queens and Tens)
Gabrielfs13 collected 4068 from pot
*** SUMMARY ***
Total pot 4068 | Rake 0 
Board [Qd 4c 7h Qc 6d]
Seat 1: Gabrielfs13 showed [Td Tc] and won (4068) with two pair, Queens and Tens
Seat 2: armaster (button) folded before Flop (didn't bet)
Seat 3: daniel_pones (small blind) folded before Flop
Seat 5: danilo_pegas (big blind) showed [As Js] and lost with a pair of Queens
Seat 6: knerrad29 folded before Flop (didn't bet)
Seat 7: PMPokerMan folded before Flop (didn't bet)
Seat 8: myforum folded before Flop (didn't bet)



PokerStars Hand #257084946248: Tournament #3911958623, $4.80+$5.00+$1.20 USD Hold'em No Limit - Level III (25/50) - 2025/07/25 14:28:53 BRT [2025/07/25 13:28:53 ET]
Table '3911958623 30' 8-max Seat #3 is the button
Seat 1: Gabrielfs13 (6498 in chips, $5 bounty) 
Seat 2: armaster (6499 in chips, $5 bounty) 
Seat 3: daniel_pones (4881 in chips, $5 bounty) 
Seat 4: Toshiro_Koga (5000 in chips) out of hand (moved from another table into small blind)
Seat 5: danilo_pegas (3014 in chips, $5 bounty) 
Seat 6: knerrad29 (4799 in chips, $5 bounty) 
Seat 7: PMPokerMan (4982 in chips, $5 bounty) 
Seat 8: myforum (4278 in chips, $5 bounty) 
Toshiro_Koga will be allowed to play after the button
Gabrielfs13: posts the ante 6
armaster: posts the ante 6
daniel_pones: posts the ante 6
danilo_pegas: posts the ante 6
knerrad29: posts the ante 6
PMPokerMan: posts the ante 6
myforum: posts the ante 6
danilo_pegas: posts small blind 25
knerrad29: posts big blind 50
*** HOLE CARDS ***
Dealt to Gabrielfs13 [6s 3s]
PMPokerMan: folds 
myforum: folds 
Gabrielfs13: folds 
armaster: raises 55 to 105
daniel_pones: folds 
danilo_pegas: calls 80
knerrad29: folds 
*** FLOP *** [Ts Td Tc]
danilo_pegas: checks 
armaster: checks 
*** TURN *** [Ts Td Tc] [3h]
danilo_pegas: checks 
armaster: checks 
*** RIVER *** [Ts Td Tc 3h] [Ad]
danilo_pegas: bets 50
armaster: folds 
Uncalled bet (50) returned to danilo_pegas
danilo_pegas collected 302 from pot
danilo_pegas: doesn't show hand 
*** SUMMARY ***
Total pot 302 | Rake 0 
Board [Ts Td Tc 3h Ad]
Seat 1: Gabrielfs13 folded before Flop (didn't bet)
Seat 2: armaster folded on the River
Seat 3: daniel_pones (button) folded before Flop (didn't bet)
Seat 5: danilo_pegas (small blind) collected (302)
Seat 6: knerrad29 (big blind) folded before Flop
Seat 7: PMPokerMan folded before Flop (didn't bet)
Seat 8: myforum folded before Flop (didn't bet)



PokerStars Hand #257084956198: Tournament #3911958623, $4.80+$5.00+$1.20 USD Hold'em No Limit - Level III (25/50) - 2025/07/25 14:29:45 BRT [2025/07/25 13:29:45 ET]
Table '3911958623 30' 8-max Seat #5 is the button
Seat 1: Gabrielfs13 (6492 in chips, $5 bounty) 
Seat 2: armaster (6388 in chips, $5 bounty) 
Seat 3: daniel_pones (4875 in chips, $5 bounty) 
Seat 4: Toshiro_Koga (5000 in chips, $5 bounty) 
Seat 5: danilo_pegas (3205 in chips, $5 bounty) 
Seat 6: knerrad29 (4743 in chips, $5 bounty) 
Seat 7: PMPokerMan (4976 in chips, $5 bounty) 
Seat 8: myforum (4272 in chips, $5 bounty) 
Gabrielfs13: posts the ante 6
armaster: posts the ante 6
daniel_pones: posts the ante 6
Toshiro_Koga: posts the ante 6
danilo_pegas: posts the ante 6
knerrad29: posts the ante 6
PMPokerMan: posts the ante 6
myforum: posts the ante 6
knerrad29: posts small blind 25
PMPokerMan: posts big blind 50
*** HOLE CARDS ***
Dealt to Gabrielfs13 [Jc Qd]
myforum: folds 
Gabrielfs13: raises 50 to 100
armaster: calls 100
daniel_pones: raises 400 to 500
Toshiro_Koga: folds 
danilo_pegas: folds 
knerrad29: folds 
PMPokerMan: folds 
Gabrielfs13: folds 
armaster: folds 
Uncalled bet (400) returned to daniel_pones
daniel_pones collected 423 from pot
daniel_pones: doesn't show hand 
*** SUMMARY ***
Total pot 423 | Rake 0 
Seat 1: Gabrielfs13 folded before Flop
Seat 2: armaster folded before Flop
Seat 3: daniel_pones collected (423)
Seat 4: Toshiro_Koga folded before Flop (didn't bet)
Seat 5: danilo_pegas (button) folded before Flop (didn't bet)
Seat 6: knerrad29 (small blind) folded before Flop
Seat 7: PMPokerMan (big blind) folded before Flop
Seat 8: myforum folded before Flop (didn't bet)



PokerStars Hand #257084963177: Tournament #3911958623, $4.80+$5.00+$1.20 USD Hold'em No Limit - Level IV (30/60) - 2025/07/25 14:30:20 BRT [2025/07/25 13:30:20 ET]
Table '3911958623 30' 8-max Seat #6 is the button
Seat 1: Gabrielfs13 (6386 in chips, $5 bounty) 
Seat 2: armaster (6282 in chips, $5 bounty) 
Seat 3: daniel_pones (5192 in chips, $5 bounty) 
Seat 4: Toshiro_Koga (4994 in chips, $5 bounty) 
Seat 5: danilo_pegas (3199 in chips, $5 bounty) 
Seat 6: knerrad29 (4712 in chips, $5 bounty) 
Seat 7: PMPokerMan (4920 in chips, $5 bounty) 
Seat 8: myforum (4266 in chips, $5 bounty) 
Gabrielfs13: posts the ante 8
armaster: posts the ante 8
daniel_pones: posts the ante 8
Toshiro_Koga: posts the ante 8
danilo_pegas: posts the ante 8
knerrad29: posts the ante 8
PMPokerMan: posts the ante 8
myforum: posts the ante 8
PMPokerMan: posts small blind 30
myforum: posts big blind 60
*** HOLE CARDS ***
Dealt to Gabrielfs13 [6h 8h]
Gabrielfs13: raises 60 to 120
armaster: calls 120
daniel_pones: folds 
Toshiro_Koga: folds 
danilo_pegas: folds 
knerrad29: folds 
PMPokerMan: folds 
myforum: calls 60
*** FLOP *** [5h Th Kd]
myforum: checks 
Gabrielfs13: bets 150
armaster: raises 150 to 300
myforum: folds 
Gabrielfs13: calls 150
*** TURN *** [5h Th Kd] [3c]
Gabrielfs13: checks 
armaster: bets 1100
Gabrielfs13: calls 1100
*** RIVER *** [5h Th Kd 3c] [As]
Gabrielfs13: checks 
armaster: checks 
*** SHOW DOWN ***
Gabrielfs13: shows [6h 8h] (high card Ace)
armaster: shows [Kh Qh] (a pair of Kings)
armaster collected 3254 from pot
*** SUMMARY ***
Total pot 3254 | Rake 0 
Board [5h Th Kd 3c As]
Seat 1: Gabrielfs13 showed [6h 8h] and lost with high card Ace
Seat 2: armaster showed [Kh Qh] and won (3254) with a pair of Kings
Seat 3: daniel_pones folded before Flop (didn't bet)
Seat 4: Toshiro_Koga folded before Flop (didn't bet)
Seat 5: danilo_pegas folded before Flop (didn't bet)
Seat 6: knerrad29 (button) folded before Flop (didn't bet)
Seat 7: PMPokerMan (small blind) folded before Flop
Seat 8: myforum (big blind) folded on the Flop



PokerStars Hand #257084976777: Tournament #3911958623, $4.80+$5.00+$1.20 USD Hold'em No Limit - Level IV (30/60) - 2025/07/25 14:31:29 BRT [2025/07/25 13:31:29 ET]
Table '3911958623 30' 8-max Seat #7 is the button
Seat 1: Gabrielfs13 (4858 in chips, $5 bounty) 
Seat 2: armaster (8008 in chips, $5 bounty) 
Seat 3: daniel_pones (5184 in chips, $5 bounty) 
Seat 4: Toshiro_Koga (4986 in chips, $5 bounty) 
Seat 5: danilo_pegas (3191 in chips, $5 bounty) 
Seat 6: knerrad29 (4704 in chips, $5 bounty) 
Seat 7: PMPokerMan (4882 in chips, $5 bounty) 
Seat 8: myforum (4138 in chips, $5 bounty) 
Gabrielfs13: posts the ante 8
armaster: posts the ante 8
daniel_pones: posts the ante 8
Toshiro_Koga: posts the ante 8
danilo_pegas: posts the ante 8
knerrad29: posts the ante 8
PMPokerMan: posts the ante 8
myforum: posts the ante 8
myforum: posts small blind 30
Gabrielfs13: posts big blind 60
*** HOLE CARDS ***
Dealt to Gabrielfs13 [9c Qs]
armaster: calls 60
daniel_pones: raises 78 to 138
Toshiro_Koga: folds 
danilo_pegas: folds 
knerrad29: folds 
PMPokerMan: calls 138
myforum: calls 108
Gabrielfs13: folds 
armaster: calls 78
*** FLOP *** [4c Qh 5s]
myforum: checks 
armaster: checks 
daniel_pones: bets 162
PMPokerMan: folds 
myforum: calls 162
armaster: folds 
*** TURN *** [4c Qh 5s] [Jh]
myforum: checks 
daniel_pones: checks 
*** RIVER *** [4c Qh 5s Jh] [6h]
myforum: bets 1000
daniel_pones: folds 
Uncalled bet (1000) returned to myforum
myforum collected 1000 from pot
myforum: doesn't show hand 
*** SUMMARY ***
Total pot 1000 | Rake 0 
Board [4c Qh 5s Jh 6h]
Seat 1: Gabrielfs13 (big blind) folded before Flop
Seat 2: armaster folded on the Flop
Seat 3: daniel_pones folded on the River
Seat 4: Toshiro_Koga folded before Flop (didn't bet)
Seat 5: danilo_pegas folded before Flop (didn't bet)
Seat 6: knerrad29 folded before Flop (didn't bet)
Seat 7: PMPokerMan (button) folded on the Flop
Seat 8: myforum (small blind) collected (1000)



PokerStars Hand #257084988394: Tournament #3911958623, $4.80+$5.00+$1.20 USD Hold'em No Limit - Level IV (30/60) - 2025/07/25 14:32:28 BRT [2025/07/25 13:32:28 ET]
Table '3911958623 30' 8-max Seat #8 is the button
Seat 1: Gabrielfs13 (4790 in chips, $5 bounty) 
Seat 2: armaster (7862 in chips, $5 bounty) 
Seat 3: daniel_pones (4876 in chips, $5 bounty) 
Seat 4: Toshiro_Koga (4978 in chips, $5 bounty) 
Seat 5: danilo_pegas (3183 in chips, $5 bounty) 
Seat 6: knerrad29 (4696 in chips, $5 bounty) 
Seat 7: PMPokerMan (4736 in chips, $5 bounty) 
Seat 8: myforum (4830 in chips, $5 bounty) 
Gabrielfs13: posts the ante 8
armaster: posts the ante 8
daniel_pones: posts the ante 8
Toshiro_Koga: posts the ante 8
danilo_pegas: posts the ante 8
knerrad29: posts the ante 8
PMPokerMan: posts the ante 8
myforum: posts the ante 8
Gabrielfs13: posts small blind 30
armaster: posts big blind 60
*** HOLE CARDS ***
Dealt to Gabrielfs13 [9d 6d]
daniel_pones: folds 
Toshiro_Koga: raises 60 to 120
danilo_pegas: folds 
knerrad29: folds 
PMPokerMan: folds 
myforum: folds 
Gabrielfs13: calls 90
armaster: calls 60
*** FLOP *** [5h 6c 6s]
Gabrielfs13: checks 
armaster: bets 120
Toshiro_Koga: calls 120
Gabrielfs13: raises 300 to 420
armaster: folds 
Toshiro_Koga: folds 
Uncalled bet (300) returned to Gabrielfs13
Gabrielfs13 collected 784 from pot
Gabrielfs13: doesn't show hand 
*** SUMMARY ***
Total pot 784 | Rake 0 
Board [5h 6c 6s]
Seat 1: Gabrielfs13 (small blind) collected (784)
Seat 2: armaster (big blind) folded on the Flop
Seat 3: daniel_pones folded before Flop (didn't bet)
Seat 4: Toshiro_Koga folded on the Flop
Seat 5: danilo_pegas folded before Flop (didn't bet)
Seat 6: knerrad29 folded before Flop (didn't bet)
Seat 7: PMPokerMan folded before Flop (didn't bet)
Seat 8: myforum (button) folded before Flop (didn't bet)



PokerStars Hand #257084998323: Tournament #3911958623, $4.80+$5.00+$1.20 USD Hold'em No Limit - Level IV (30/60) - 2025/07/25 14:33:19 BRT [2025/07/25 13:33:19 ET]
Table '3911958623 30' 8-max Seat #1 is the button
Seat 1: Gabrielfs13 (5326 in chips, $5 bounty) 
Seat 2: armaster (7614 in chips, $5 bounty) 
Seat 3: daniel_pones (4868 in chips, $5 bounty) 
Seat 4: Toshiro_Koga (4730 in chips, $5 bounty) 
Seat 5: danilo_pegas (3175 in chips, $5 bounty) 
Seat 6: knerrad29 (4688 in chips, $5 bounty) 
Seat 7: PMPokerMan (4728 in chips, $5 bounty) 
Seat 8: myforum (4822 in chips, $5 bounty) 
Gabrielfs13: posts the ante 8
armaster: posts the ante 8
daniel_pones: posts the ante 8
Toshiro_Koga: posts the ante 8
danilo_pegas: posts the ante 8
knerrad29: posts the ante 8
PMPokerMan: posts the ante 8
myforum: posts the ante 8
armaster: posts small blind 30
daniel_pones: posts big blind 60
*** HOLE CARDS ***
Dealt to Gabrielfs13 [6h Jh]
Toshiro_Koga: folds 
danilo_pegas: raises 60 to 120
knerrad29: raises 210 to 330
PMPokerMan: folds 
myforum: folds 
Gabrielfs13: folds 
armaster: folds 
daniel_pones: folds 
danilo_pegas: calls 210
*** FLOP *** [5d Ad 8c]
danilo_pegas: bets 269
knerrad29: folds 
Uncalled bet (269) returned to danilo_pegas
danilo_pegas collected 814 from pot
danilo_pegas: doesn't show hand 
*** SUMMARY ***
Total pot 814 | Rake 0 
Board [5d Ad 8c]
Seat 1: Gabrielfs13 (button) folded before Flop (didn't bet)
Seat 2: armaster (small blind) folded before Flop
Seat 3: daniel_pones (big blind) folded before Flop
Seat 4: Toshiro_Koga folded before Flop (didn't bet)
Seat 5: danilo_pegas collected (814)
Seat 6: knerrad29 folded on the Flop
Seat 7: PMPokerMan folded before Flop (didn't bet)
Seat 8: myforum folded before Flop (didn't bet)



PokerStars Hand #257085009339: Tournament #3911958623, $4.80+$5.00+$1.20 USD Hold'em No Limit - Level IV (30/60) - 2025/07/25 14:34:15 BRT [2025/07/25 13:34:15 ET]
Table '3911958623 30' 8-max Seat #2 is the button
Seat 1: Gabrielfs13 (5318 in chips, $5 bounty) 
Seat 2: armaster (7576 in chips, $5 bounty) 
Seat 3: daniel_pones (4800 in chips, $5 bounty) 
Seat 4: Toshiro_Koga (4722 in chips, $5 bounty) 
Seat 5: danilo_pegas (3651 in chips, $5 bounty) 
Seat 6: knerrad29 (4350 in chips, $5 bounty) 
Seat 7: PMPokerMan (4720 in chips, $5 bounty) 
Seat 8: myforum (4814 in chips, $5 bounty) 
Gabrielfs13: posts the ante 8
armaster: posts the ante 8
daniel_pones: posts the ante 8
Toshiro_Koga: posts the ante 8
danilo_pegas: posts the ante 8
knerrad29: posts the ante 8
PMPokerMan: posts the ante 8
myforum: posts the ante 8
daniel_pones: posts small blind 30
Toshiro_Koga: posts big blind 60
*** HOLE CARDS ***
Dealt to Gabrielfs13 [Kd 7d]
danilo_pegas: raises 60 to 120
knerrad29: folds 
PMPokerMan: calls 120
myforum: folds 
Gabrielfs13: folds 
armaster: calls 120
daniel_pones: calls 90
Toshiro_Koga: calls 60
*** FLOP *** [Qc 7c Js]
daniel_pones: checks 
Toshiro_Koga: checks 
danilo_pegas: checks 
PMPokerMan: checks 
armaster: checks 
*** TURN *** [Qc 7c Js] [7h]
daniel_pones: bets 425
Toshiro_Koga: folds 
danilo_pegas: folds 
PMPokerMan: folds 
armaster: folds 
Uncalled bet (425) returned to daniel_pones
daniel_pones collected 664 from pot
daniel_pones: doesn't show hand 
*** SUMMARY ***
Total pot 664 | Rake 0 
Board [Qc 7c Js 7h]
Seat 1: Gabrielfs13 folded before Flop (didn't bet)
Seat 2: armaster (button) folded on the Turn
Seat 3: daniel_pones (small blind) collected (664)
Seat 4: Toshiro_Koga (big blind) folded on the Turn
Seat 5: danilo_pegas folded on the Turn
Seat 6: knerrad29 folded before Flop (didn't bet)
Seat 7: PMPokerMan folded on the Turn
Seat 8: myforum folded before Flop (didn't bet)



PokerStars Hand #257085031353: Tournament #3911958623, $4.80+$5.00+$1.20 USD Hold'em No Limit - Level V (40/80) - 2025/07/25 14:36:06 BRT [2025/07/25 13:36:06 ET]
Table '3911958623 30' 8-max Seat #3 is the button
Seat 1: Gabrielfs13 (5310 in chips, $5 bounty) 
Seat 2: armaster (7448 in chips, $5 bounty) 
Seat 3: daniel_pones (5336 in chips, $5 bounty) 
Seat 4: Toshiro_Koga (4594 in chips, $5 bounty) 
Seat 5: danilo_pegas (3523 in chips, $5 bounty) 
Seat 6: knerrad29 (4342 in chips, $5 bounty) 
Seat 7: PMPokerMan (4592 in chips, $5 bounty) 
Seat 8: myforum (4806 in chips, $5 bounty) 
Gabrielfs13: posts the ante 10
armaster: posts the ante 10
daniel_pones: posts the ante 10
Toshiro_Koga: posts the ante 10
danilo_pegas: posts the ante 10
knerrad29: posts the ante 10
PMPokerMan: posts the ante 10
myforum: posts the ante 10
Toshiro_Koga: posts small blind 40
danilo_pegas: posts big blind 80
*** HOLE CARDS ***
Dealt to Gabrielfs13 [8s Ah]
knerrad29: folds 
PMPokerMan: raises 80 to 160
myforum: folds 
Gabrielfs13: folds 
armaster: folds 
daniel_pones: folds 
Toshiro_Koga: folds 
danilo_pegas: calls 80
*** FLOP *** [Qc Tc 9d]
danilo_pegas: checks 
PMPokerMan: bets 224
danilo_pegas: calls 224
*** TURN *** [Qc Tc 9d] [6s]
danilo_pegas: checks 
PMPokerMan: checks 
*** RIVER *** [Qc Tc 9d 6s] [7s]
danilo_pegas: checks 
PMPokerMan: checks 
*** SHOW DOWN ***
danilo_pegas: shows [Qd Kc] (a pair of Queens)
PMPokerMan: mucks hand 
danilo_pegas collected 888 from pot
*** SUMMARY ***
Total pot 888 | Rake 0 
Board [Qc Tc 9d 6s 7s]
Seat 1: Gabrielfs13 folded before Flop (didn't bet)
Seat 2: armaster folded before Flop (didn't bet)
Seat 3: daniel_pones (button) folded before Flop (didn't bet)
Seat 4: Toshiro_Koga (small blind) folded before Flop
Seat 5: danilo_pegas (big blind) showed [Qd Kc] and won (888) with a pair of Queens
Seat 6: knerrad29 folded before Flop (didn't bet)
Seat 7: PMPokerMan mucked [5c 5h]
Seat 8: myforum folded before Flop (didn't bet)



PokerStars Hand #257085043290: Tournament #3911958623, $4.80+$5.00+$1.20 USD Hold'em No Limit - Level V (40/80) - 2025/07/25 14:37:07 BRT [2025/07/25 13:37:07 ET]
Table '3911958623 30' 8-max Seat #4 is the button
Seat 1: Gabrielfs13 (5300 in chips, $5 bounty) 
Seat 2: armaster (7438 in chips, $5 bounty) 
Seat 3: daniel_pones (5326 in chips, $5 bounty) 
Seat 4: Toshiro_Koga (4544 in chips, $5 bounty) 
Seat 5: danilo_pegas (4017 in chips, $5 bounty) 
Seat 6: knerrad29 (4332 in chips, $5 bounty) 
Seat 7: PMPokerMan (4198 in chips, $5 bounty) 
Seat 8: myforum (4796 in chips, $5 bounty) 
Gabrielfs13: posts the ante 10
armaster: posts the ante 10
daniel_pones: posts the ante 10
Toshiro_Koga: posts the ante 10
danilo_pegas: posts the ante 10
knerrad29: posts the ante 10
PMPokerMan: posts the ante 10
myforum: posts the ante 10
danilo_pegas: posts small blind 40
knerrad29: posts big blind 80
*** HOLE CARDS ***
Dealt to Gabrielfs13 [7c Ah]
PMPokerMan: raises 80 to 160
myforum: folds 
Gabrielfs13: folds 
armaster: folds 
daniel_pones: folds 
Toshiro_Koga: folds 
danilo_pegas: folds 
knerrad29: folds 
Uncalled bet (80) returned to PMPokerMan
PMPokerMan collected 280 from pot
PMPokerMan: doesn't show hand 
*** SUMMARY ***
Total pot 280 | Rake 0 
Seat 1: Gabrielfs13 folded before Flop (didn't bet)
Seat 2: armaster folded before Flop (didn't bet)
Seat 3: daniel_pones folded before Flop (didn't bet)
Seat 4: Toshiro_Koga (button) folded before Flop (didn't bet)
Seat 5: danilo_pegas (small blind) folded before Flop
Seat 6: knerrad29 (big blind) folded before Flop
Seat 7: PMPokerMan collected (280)
Seat 8: myforum folded before Flop (didn't bet)



PokerStars Hand #257085047622: Tournament #3911958623, $4.80+$5.00+$1.20 USD Hold'em No Limit - Level V (40/80) - 2025/07/25 14:37:28 BRT [2025/07/25 13:37:28 ET]
Table '3911958623 30' 8-max Seat #5 is the button
Seat 1: Gabrielfs13 (5290 in chips, $5 bounty) 
Seat 2: armaster (7428 in chips, $5 bounty) 
Seat 3: daniel_pones (5316 in chips, $5 bounty) 
Seat 4: Toshiro_Koga (4534 in chips, $5 bounty) 
Seat 5: danilo_pegas (3967 in chips, $5 bounty) 
Seat 6: knerrad29 (4242 in chips, $5 bounty) 
Seat 7: PMPokerMan (4388 in chips, $5 bounty) 
Seat 8: myforum (4786 in chips, $5 bounty) 
Gabrielfs13: posts the ante 10
armaster: posts the ante 10
daniel_pones: posts the ante 10
Toshiro_Koga: posts the ante 10
danilo_pegas: posts the ante 10
knerrad29: posts the ante 10
PMPokerMan: posts the ante 10
myforum: posts the ante 10
knerrad29: posts small blind 40
PMPokerMan: posts big blind 80
*** HOLE CARDS ***
Dealt to Gabrielfs13 [2d 9d]
myforum: folds 
Gabrielfs13: folds 
armaster: raises 96 to 176
daniel_pones: folds 
Toshiro_Koga: calls 176
danilo_pegas: raises 624 to 800
knerrad29: folds 
PMPokerMan: folds 
armaster: folds 
Toshiro_Koga: calls 624
*** FLOP *** [6h Th 5s]
Toshiro_Koga: checks 
danilo_pegas: bets 652
Toshiro_Koga: folds 
Uncalled bet (652) returned to danilo_pegas
danilo_pegas collected 1976 from pot
danilo_pegas: doesn't show hand 
*** SUMMARY ***
Total pot 1976 | Rake 0 
Board [6h Th 5s]
Seat 1: Gabrielfs13 folded before Flop (didn't bet)
Seat 2: armaster folded before Flop
Seat 3: daniel_pones folded before Flop (didn't bet)
Seat 4: Toshiro_Koga folded on the Flop
Seat 5: danilo_pegas (button) collected (1976)
Seat 6: knerrad29 (small blind) folded before Flop
Seat 7: PMPokerMan (big blind) folded before Flop
Seat 8: myforum folded before Flop (didn't bet)



PokerStars Hand #257085058795: Tournament #3911958623, $4.80+$5.00+$1.20 USD Hold'em No Limit - Level V (40/80) - 2025/07/25 14:38:24 BRT [2025/07/25 13:38:24 ET]
Table '3911958623 30' 8-max Seat #6 is the button
Seat 1: Gabrielfs13 (5280 in chips, $5 bounty) 
Seat 2: armaster (7242 in chips, $5 bounty) 
Seat 3: daniel_pones (5306 in chips, $5 bounty) 
Seat 4: Toshiro_Koga (3724 in chips, $5 bounty) 
Seat 5: danilo_pegas (5133 in chips, $5 bounty) 
Seat 6: knerrad29 (4192 in chips, $5 bounty) 
Seat 7: PMPokerMan (4298 in chips, $5 bounty) 
Seat 8: myforum (4776 in chips, $5 bounty) 
Gabrielfs13: posts the ante 10
armaster: posts the ante 10
daniel_pones: posts the ante 10
Toshiro_Koga: posts the ante 10
danilo_pegas: posts the ante 10
knerrad29: posts the ante 10
PMPokerMan: posts the ante 10
myforum: posts the ante 10
PMPokerMan: posts small blind 40
myforum: posts big blind 80
*** HOLE CARDS ***
Dealt to Gabrielfs13 [Ac Th]
Gabrielfs13: raises 80 to 160
armaster: folds 
daniel_pones: folds 
Toshiro_Koga: folds 
danilo_pegas: folds 
knerrad29: folds 
PMPokerMan: folds 
myforum: calls 80
*** FLOP *** [Ts Jd 4c]
myforum: checks 
Gabrielfs13: bets 120
myforum: calls 120
*** TURN *** [Ts Jd 4c] [Jh]
myforum: checks 
Gabrielfs13: checks 
*** RIVER *** [Ts Jd 4c Jh] [4d]
myforum: bets 340
Gabrielfs13: raises 340 to 680
myforum: calls 340
*** SHOW DOWN ***
Gabrielfs13: shows [Ac Th] (two pair, Jacks and Tens)
myforum: mucks hand 
Gabrielfs13 collected 2040 from pot
*** SUMMARY ***
Total pot 2040 | Rake 0 
Board [Ts Jd 4c Jh 4d]
Seat 1: Gabrielfs13 showed [Ac Th] and won (2040) with two pair, Jacks and Tens
Seat 2: armaster folded before Flop (didn't bet)
Seat 3: daniel_pones folded before Flop (didn't bet)
Seat 4: Toshiro_Koga folded before Flop (didn't bet)
Seat 5: danilo_pegas folded before Flop (didn't bet)
Seat 6: knerrad29 (button) folded before Flop (didn't bet)
Seat 7: PMPokerMan (small blind) folded before Flop
Seat 8: myforum (big blind) mucked [5s Tc]



PokerStars Hand #257085070785: Tournament #3911958623, $4.80+$5.00+$1.20 USD Hold'em No Limit - Level V (40/80) - 2025/07/25 14:39:25 BRT [2025/07/25 13:39:25 ET]
Table '3911958623 30' 8-max Seat #7 is the button
Seat 1: Gabrielfs13 (6350 in chips, $5 bounty) 
Seat 2: armaster (7232 in chips, $5 bounty) 
Seat 3: daniel_pones (5296 in chips, $5 bounty) 
Seat 4: Toshiro_Koga (3714 in chips, $5 bounty) 
Seat 5: danilo_pegas (5123 in chips, $5 bounty) 
Seat 6: knerrad29 (4182 in chips, $5 bounty) 
Seat 7: PMPokerMan (4248 in chips, $5 bounty) 
Seat 8: myforum (3806 in chips, $5 bounty) 
Gabrielfs13: posts the ante 10
armaster: posts the ante 10
daniel_pones: posts the ante 10
Toshiro_Koga: posts the ante 10
danilo_pegas: posts the ante 10
knerrad29: posts the ante 10
PMPokerMan: posts the ante 10
myforum: posts the ante 10
myforum: posts small blind 40
Gabrielfs13: posts big blind 80
*** HOLE CARDS ***
Dealt to Gabrielfs13 [8h 2s]
armaster: calls 80
daniel_pones: raises 240 to 320
Toshiro_Koga: folds 
danilo_pegas: calls 320
knerrad29: folds 
PMPokerMan: folds 
myforum: folds 
Gabrielfs13: folds 
armaster: calls 240
*** FLOP *** [6h 9d Kd]
armaster: checks 
daniel_pones: bets 592
danilo_pegas: raises 768 to 1360
armaster: folds 
daniel_pones: raises 3606 to 4966 and is all-in
danilo_pegas: calls 3433 and is all-in
Uncalled bet (173) returned to daniel_pones
*** TURN *** [6h 9d Kd] [7c]
*** RIVER *** [6h 9d Kd 7c] [8c]
*** SHOW DOWN ***
daniel_pones: shows [As Kc] (a pair of Kings)
danilo_pegas: shows [6c 6s] (three of a kind, Sixes)
danilo_pegas collected 10746 from pot
*** SUMMARY ***
Total pot 10746 | Rake 0 
Board [6h 9d Kd 7c 8c]
Seat 1: Gabrielfs13 (big blind) folded before Flop
Seat 2: armaster folded on the Flop
Seat 3: daniel_pones showed [As Kc] and lost with a pair of Kings
Seat 4: Toshiro_Koga folded before Flop (didn't bet)
Seat 5: danilo_pegas showed [6c 6s] and won (10746) with three of a kind, Sixes
Seat 6: knerrad29 folded before Flop (didn't bet)
Seat 7: PMPokerMan (button) folded before Flop (didn't bet)
Seat 8: myforum (small blind) folded before Flop



PokerStars Hand #257085087563: Tournament #3911958623, $4.80+$5.00+$1.20 USD Hold'em No Limit - Level VI (50/100) - 2025/07/25 14:40:50 BRT [2025/07/25 13:40:50 ET]
Table '3911958623 30' 8-max Seat #8 is the button
Seat 1: Gabrielfs13 (6260 in chips, $5 bounty) 
Seat 2: armaster (6902 in chips, $5 bounty) 
Seat 3: daniel_pones (173 in chips, $5 bounty) 
Seat 4: Toshiro_Koga (3704 in chips, $5 bounty) 
Seat 5: danilo_pegas (10746 in chips, $5 bounty) 
Seat 6: knerrad29 (4172 in chips, $5 bounty) 
Seat 7: PMPokerMan (4238 in chips, $5 bounty) 
Seat 8: myforum (3756 in chips, $5 bounty) 
Gabrielfs13: posts the ante 12
armaster: posts the ante 12
daniel_pones: posts the ante 12
Toshiro_Koga: posts the ante 12
danilo_pegas: posts the ante 12
knerrad29: posts the ante 12
PMPokerMan: posts the ante 12
myforum: posts the ante 12
Gabrielfs13: posts small blind 50
armaster: posts big blind 100
*** HOLE CARDS ***
Dealt to Gabrielfs13 [3h Ts]
daniel_pones: folds 
Toshiro_Koga: raises 100 to 200
danilo_pegas: folds 
knerrad29: folds 
PMPokerMan: folds 
myforum: folds 
Gabrielfs13: folds 
armaster: raises 400 to 600
Toshiro_Koga: calls 400
*** FLOP *** [5d As 4s]
armaster: bets 600
Toshiro_Koga: calls 600
*** TURN *** [5d As 4s] [9h]
armaster: checks 
Toshiro_Koga: bets 1050
armaster: folds 
Uncalled bet (1050) returned to Toshiro_Koga
Toshiro_Koga collected 2546 from pot
Toshiro_Koga: doesn't show hand 
*** SUMMARY ***
Total pot 2546 | Rake 0 
Board [5d As 4s 9h]
Seat 1: Gabrielfs13 (small blind) folded before Flop
Seat 2: armaster (big blind) folded on the Turn
Seat 3: daniel_pones folded before Flop (didn't bet)
Seat 4: Toshiro_Koga collected (2546)
Seat 5: danilo_pegas folded before Flop (didn't bet)
Seat 6: knerrad29 folded before Flop (didn't bet)
Seat 7: PMPokerMan folded before Flop (didn't bet)
Seat 8: myforum (button) folded before Flop (didn't bet)



PokerStars Hand #257085098785: Tournament #3911958623, $4.80+$5.00+$1.20 USD Hold'em No Limit - Level VI (50/100) - 2025/07/25 14:41:46 BRT [2025/07/25 13:41:46 ET]
Table '3911958623 30' 8-max Seat #1 is the button
Seat 1: Gabrielfs13 (6198 in chips, $5 bounty) 
Seat 2: armaster (5690 in chips, $5 bounty) 
Seat 3: daniel_pones (161 in chips, $5 bounty) 
Seat 4: Toshiro_Koga (5038 in chips, $5 bounty) 
Seat 5: danilo_pegas (10734 in chips, $5 bounty) 
Seat 6: knerrad29 (4160 in chips, $5 bounty) 
Seat 7: PMPokerMan (4226 in chips, $5 bounty) 
Seat 8: myforum (3744 in chips, $5 bounty) 
Gabrielfs13: posts the ante 12
armaster: posts the ante 12
daniel_pones: posts the ante 12
Toshiro_Koga: posts the ante 12
danilo_pegas: posts the ante 12
knerrad29: posts the ante 12
PMPokerMan: posts the ante 12
myforum: posts the ante 12
armaster: posts small blind 50
daniel_pones: posts big blind 100
*** HOLE CARDS ***
Dealt to Gabrielfs13 [8c 3s]
Toshiro_Koga: folds 
danilo_pegas: raises 100 to 200
knerrad29: folds 
PMPokerMan: folds 
myforum: folds 
Gabrielfs13: folds 
armaster: calls 150
daniel_pones: calls 49 and is all-in
*** FLOP *** [7s Jc 7c]
armaster: checks 
danilo_pegas: bets 213
armaster: calls 213
*** TURN *** [7s Jc 7c] [4s]
armaster: checks 
danilo_pegas: checks 
*** RIVER *** [7s Jc 7c 4s] [Ks]
armaster: bets 1120
danilo_pegas: folds 
Uncalled bet (1120) returned to armaster
*** SHOW DOWN ***
armaster: shows [9s Qs] (a flush, King high)
armaster collected 528 from side pot
daniel_pones: shows [5h Ac] (a pair of Sevens)
armaster collected 543 from main pot
armaster wins $2.50 for eliminating daniel_pones and their own bounty increases by $2.50 to $7.50
daniel_pones finished the tournament
*** SUMMARY ***
Total pot 1071 Main pot 543. Side pot 528. | Rake 0 
Board [7s Jc 7c 4s Ks]
Seat 1: Gabrielfs13 (button) folded before Flop (didn't bet)
Seat 2: armaster (small blind) showed [9s Qs] and won (1071) with a flush, King high
Seat 3: daniel_pones (big blind) showed [5h Ac] and lost with a pair of Sevens
Seat 4: Toshiro_Koga folded before Flop (didn't bet)
Seat 5: danilo_pegas folded on the River
Seat 6: knerrad29 folded before Flop (didn't bet)
Seat 7: PMPokerMan folded before Flop (didn't bet)
Seat 8: myforum folded before Flop (didn't bet)



PokerStars Hand #257085119315: Tournament #3911958623, $4.80+$5.00+$1.20 USD Hold'em No Limit - Level VI (50/100) - 2025/07/25 14:43:29 BRT [2025/07/25 13:43:29 ET]
Table '3911958623 30' 8-max Seat #2 is the button
Seat 1: Gabrielfs13 (6186 in chips, $5 bounty) 
Seat 2: armaster (6336 in chips, $7.50 bounty) 
Seat 4: Toshiro_Koga (5026 in chips, $5 bounty) 
Seat 5: danilo_pegas (10309 in chips, $5 bounty) 
Seat 6: knerrad29 (4148 in chips, $5 bounty) 
Seat 7: PMPokerMan (4214 in chips, $5 bounty) 
Seat 8: myforum (3732 in chips, $5 bounty) 
Gabrielfs13: posts the ante 12
armaster: posts the ante 12
Toshiro_Koga: posts the ante 12
danilo_pegas: posts the ante 12
knerrad29: posts the ante 12
PMPokerMan: posts the ante 12
myforum: posts the ante 12
Toshiro_Koga: posts small blind 50
danilo_pegas: posts big blind 100
*** HOLE CARDS ***
Dealt to Gabrielfs13 [Jc 7c]
knerrad29: raises 150 to 250
PMPokerMan: folds 
myforum: folds 
Gabrielfs13: folds 
armaster: folds 
Toshiro_Koga: folds 
danilo_pegas: folds 
Uncalled bet (150) returned to knerrad29
knerrad29 collected 334 from pot
*** SUMMARY ***
Total pot 334 | Rake 0 
Seat 1: Gabrielfs13 folded before Flop (didn't bet)
Seat 2: armaster (button) folded before Flop (didn't bet)
Seat 4: Toshiro_Koga (small blind) folded before Flop
Seat 5: danilo_pegas (big blind) folded before Flop
Seat 6: knerrad29 collected (334)
Seat 7: PMPokerMan folded before Flop (didn't bet)
Seat 8: myforum folded before Flop (didn't bet)



PokerStars Hand #257085125695: Tournament #3911958623, $4.80+$5.00+$1.20 USD Hold'em No Limit - Level VI (50/100) - 2025/07/25 14:44:02 BRT [2025/07/25 13:44:02 ET]
Table '3911958623 30' 8-max Seat #4 is the button
Seat 1: Gabrielfs13 (6174 in chips, $5 bounty) 
Seat 2: armaster (6324 in chips, $7.50 bounty) 
Seat 3: delysid (5000 in chips, $5 bounty) 
Seat 4: Toshiro_Koga (4964 in chips, $5 bounty) 
Seat 5: danilo_pegas (10197 in chips, $5 bounty) 
Seat 6: knerrad29 (4370 in chips, $5 bounty) 
Seat 7: PMPokerMan (4202 in chips, $5 bounty) 
Seat 8: myforum (3720 in chips, $5 bounty) 
Gabrielfs13: posts the ante 12
armaster: posts the ante 12
delysid: posts the ante 12
Toshiro_Koga: posts the ante 12
danilo_pegas: posts the ante 12
knerrad29: posts the ante 12
PMPokerMan: posts the ante 12
myforum: posts the ante 12
danilo_pegas: posts small blind 50
knerrad29: posts big blind 100
*** HOLE CARDS ***
Dealt to Gabrielfs13 [Th 4s]
PMPokerMan: folds 
myforum: folds 
Gabrielfs13: folds 
armaster: calls 100
delysid: calls 100
Toshiro_Koga: folds 
danilo_pegas: calls 50
knerrad29: checks 
*** FLOP *** [3h 7d 7s]
danilo_pegas: checks 
knerrad29: checks 
armaster: checks 
delysid: checks 
*** TURN *** [3h 7d 7s] [3s]
danilo_pegas: checks 
knerrad29: checks 
armaster: bets 125
delysid: calls 125
danilo_pegas: raises 444 to 569
knerrad29: folds 
armaster: folds 
delysid: folds 
Uncalled bet (444) returned to danilo_pegas
danilo_pegas collected 871 from pot
danilo_pegas: doesn't show hand 
*** SUMMARY ***
Total pot 871 | Rake 0 
Board [3h 7d 7s 3s]
Seat 1: Gabrielfs13 folded before Flop (didn't bet)
Seat 2: armaster folded on the Turn
Seat 3: delysid folded on the Turn
Seat 4: Toshiro_Koga (button) folded before Flop (didn't bet)
Seat 5: danilo_pegas (small blind) collected (871)
Seat 6: knerrad29 (big blind) folded on the Turn
Seat 7: PMPokerMan folded before Flop (didn't bet)
Seat 8: myforum folded before Flop (didn't bet)



PokerStars Hand #257085145045: Tournament #3911958623, $4.80+$5.00+$1.20 USD Hold'em No Limit - Level VII (60/120) - 2025/07/25 14:45:39 BRT [2025/07/25 13:45:39 ET]
Table '3911958623 30' 8-max Seat #5 is the button
Seat 1: Gabrielfs13 (6162 in chips, $5 bounty) 
Seat 2: armaster (6087 in chips, $7.50 bounty) 
Seat 3: delysid (4763 in chips, $5 bounty) 
Seat 4: Toshiro_Koga (4952 in chips, $5 bounty) 
Seat 5: danilo_pegas (10831 in chips, $5 bounty) 
Seat 6: knerrad29 (4258 in chips, $5 bounty) 
Seat 7: PMPokerMan (4190 in chips, $5 bounty) 
Seat 8: myforum (3708 in chips, $5 bounty) 
Gabrielfs13: posts the ante 15
armaster: posts the ante 15
delysid: posts the ante 15
Toshiro_Koga: posts the ante 15
danilo_pegas: posts the ante 15
knerrad29: posts the ante 15
PMPokerMan: posts the ante 15
myforum: posts the ante 15
knerrad29: posts small blind 60
PMPokerMan: posts big blind 120
*** HOLE CARDS ***
Dealt to Gabrielfs13 [Kh Ts]
myforum: calls 120
Gabrielfs13: folds 
armaster: folds 
delysid: folds 
Toshiro_Koga: folds 
danilo_pegas: folds 
knerrad29: folds 
PMPokerMan: checks 
*** FLOP *** [8c 2h 5c]
PMPokerMan: checks 
myforum: checks 
*** TURN *** [8c 2h 5c] [8s]
PMPokerMan: bets 315
myforum: folds 
Uncalled bet (315) returned to PMPokerMan
PMPokerMan collected 420 from pot
PMPokerMan: doesn't show hand 
*** SUMMARY ***
Total pot 420 | Rake 0 
Board [8c 2h 5c 8s]
Seat 1: Gabrielfs13 folded before Flop (didn't bet)
Seat 2: armaster folded before Flop (didn't bet)
Seat 3: delysid folded before Flop (didn't bet)
Seat 4: Toshiro_Koga folded before Flop (didn't bet)
Seat 5: danilo_pegas (button) folded before Flop (didn't bet)
Seat 6: knerrad29 (small blind) folded before Flop
Seat 7: PMPokerMan (big blind) collected (420)
Seat 8: myforum folded on the Turn



PokerStars Hand #257085154937: Tournament #3911958623, $4.80+$5.00+$1.20 USD Hold'em No Limit - Level VII (60/120) - 2025/07/25 14:46:29 BRT [2025/07/25 13:46:29 ET]
Table '3911958623 30' 8-max Seat #6 is the button
Seat 1: Gabrielfs13 (6147 in chips, $5 bounty) 
Seat 2: armaster (6072 in chips, $7.50 bounty) 
Seat 3: delysid (4748 in chips, $5 bounty) 
Seat 4: Toshiro_Koga (4937 in chips, $5 bounty) 
Seat 5: danilo_pegas (10816 in chips, $5 bounty) 
Seat 6: knerrad29 (4183 in chips, $5 bounty) 
Seat 7: PMPokerMan (4475 in chips, $5 bounty) 
Seat 8: myforum (3573 in chips, $5 bounty) 
Gabrielfs13: posts the ante 15
armaster: posts the ante 15
delysid: posts the ante 15
Toshiro_Koga: posts the ante 15
danilo_pegas: posts the ante 15
knerrad29: posts the ante 15
PMPokerMan: posts the ante 15
myforum: posts the ante 15
PMPokerMan: posts small blind 60
myforum: posts big blind 120
*** HOLE CARDS ***
Dealt to Gabrielfs13 [5h 2s]
Gabrielfs13: folds 
armaster: folds 
delysid: folds 
Toshiro_Koga: raises 120 to 240
danilo_pegas: raises 720 to 960
knerrad29: folds 
PMPokerMan: folds 
myforum: folds 
Toshiro_Koga: raises 3962 to 4922 and is all-in
danilo_pegas: calls 3962
*** FLOP *** [Qs Js Ac]
*** TURN *** [Qs Js Ac] [2c]
*** RIVER *** [Qs Js Ac 2c] [Kd]
*** SHOW DOWN ***
Toshiro_Koga: shows [Tc Th] (a straight, Ten to Ace)
danilo_pegas: shows [Kc Ah] (two pair, Aces and Kings)
Toshiro_Koga collected 10144 from pot
*** SUMMARY ***
Total pot 10144 | Rake 0 
Board [Qs Js Ac 2c Kd]
Seat 1: Gabrielfs13 folded before Flop (didn't bet)
Seat 2: armaster folded before Flop (didn't bet)
Seat 3: delysid folded before Flop (didn't bet)
Seat 4: Toshiro_Koga showed [Tc Th] and won (10144) with a straight, Ten to Ace
Seat 5: danilo_pegas showed [Kc Ah] and lost with two pair, Aces and Kings
Seat 6: knerrad29 (button) folded before Flop (didn't bet)
Seat 7: PMPokerMan (small blind) folded before Flop
Seat 8: myforum (big blind) folded before Flop



PokerStars Hand #257085162684: Tournament #3911958623, $4.80+$5.00+$1.20 USD Hold'em No Limit - Level VII (60/120) - 2025/07/25 14:47:08 BRT [2025/07/25 13:47:08 ET]
Table '3911958623 30' 8-max Seat #7 is the button
Seat 1: Gabrielfs13 (6132 in chips, $5 bounty) 
Seat 2: armaster (6057 in chips, $7.50 bounty) 
Seat 3: delysid (4733 in chips, $5 bounty) 
Seat 4: Toshiro_Koga (10144 in chips, $5 bounty) 
Seat 5: danilo_pegas (5879 in chips, $5 bounty) 
Seat 6: knerrad29 (4168 in chips, $5 bounty) 
Seat 7: PMPokerMan (4400 in chips, $5 bounty) 
Seat 8: myforum (3438 in chips, $5 bounty) 
Gabrielfs13: posts the ante 15
armaster: posts the ante 15
delysid: posts the ante 15
Toshiro_Koga: posts the ante 15
danilo_pegas: posts the ante 15
knerrad29: posts the ante 15
PMPokerMan: posts the ante 15
myforum: posts the ante 15
myforum: posts small blind 60
Gabrielfs13: posts big blind 120
*** HOLE CARDS ***
Dealt to Gabrielfs13 [5h Ts]
armaster: raises 120 to 240
delysid: folds 
Toshiro_Koga: folds 
danilo_pegas: raises 720 to 960
knerrad29: folds 
PMPokerMan: folds 
myforum: folds 
Gabrielfs13: folds 
armaster: folds 
Uncalled bet (720) returned to danilo_pegas
danilo_pegas collected 780 from pot
danilo_pegas: doesn't show hand 
*** SUMMARY ***
Total pot 780 | Rake 0 
Seat 1: Gabrielfs13 (big blind) folded before Flop
Seat 2: armaster folded before Flop
Seat 3: delysid folded before Flop (didn't bet)
Seat 4: Toshiro_Koga folded before Flop (didn't bet)
Seat 5: danilo_pegas collected (780)
Seat 6: knerrad29 folded before Flop (didn't bet)
Seat 7: PMPokerMan (button) folded before Flop (didn't bet)
Seat 8: myforum (small blind) folded before Flop



PokerStars Hand #257085168542: Tournament #3911958623, $4.80+$5.00+$1.20 USD Hold'em No Limit - Level VII (60/120) - 2025/07/25 14:47:37 BRT [2025/07/25 13:47:37 ET]
Table '3911958623 30' 8-max Seat #8 is the button
Seat 1: Gabrielfs13 (5997 in chips, $5 bounty) 
Seat 2: armaster (5802 in chips, $7.50 bounty) 
Seat 3: delysid (4718 in chips, $5 bounty) 
Seat 4: Toshiro_Koga (10129 in chips, $5 bounty) 
Seat 5: danilo_pegas (6404 in chips, $5 bounty) 
Seat 6: knerrad29 (4153 in chips, $5 bounty) 
Seat 7: PMPokerMan (4385 in chips, $5 bounty) 
Seat 8: myforum (3363 in chips, $5 bounty) 
Gabrielfs13: posts the ante 15
armaster: posts the ante 15
delysid: posts the ante 15
Toshiro_Koga: posts the ante 15
danilo_pegas: posts the ante 15
knerrad29: posts the ante 15
PMPokerMan: posts the ante 15
myforum: posts the ante 15
Gabrielfs13: posts small blind 60
armaster: posts big blind 120
*** HOLE CARDS ***
Dealt to Gabrielfs13 [Qc 9h]
delysid: folds 
Toshiro_Koga: folds 
danilo_pegas: folds 
knerrad29: folds 
PMPokerMan: folds 
myforum: raises 120 to 240
Gabrielfs13: folds 
armaster: calls 120
*** FLOP *** [7d Ad Kd]
armaster: checks 
myforum: bets 660
armaster: folds 
Uncalled bet (660) returned to myforum
myforum collected 660 from pot
myforum: doesn't show hand 
*** SUMMARY ***
Total pot 660 | Rake 0 
Board [7d Ad Kd]
Seat 1: Gabrielfs13 (small blind) folded before Flop
Seat 2: armaster (big blind) folded on the Flop
Seat 3: delysid folded before Flop (didn't bet)
Seat 4: Toshiro_Koga folded before Flop (didn't bet)
Seat 5: danilo_pegas folded before Flop (didn't bet)
Seat 6: knerrad29 folded before Flop (didn't bet)
Seat 7: PMPokerMan folded before Flop (didn't bet)
Seat 8: myforum (button) collected (660)



PokerStars Hand #257085174156: Tournament #3911958623, $4.80+$5.00+$1.20 USD Hold'em No Limit - Level VII (60/120) - 2025/07/25 14:48:05 BRT [2025/07/25 13:48:05 ET]
Table '3911958623 30' 8-max Seat #1 is the button
Seat 1: Gabrielfs13 (5922 in chips, $5 bounty) 
Seat 2: armaster (5547 in chips, $7.50 bounty) 
Seat 3: delysid (4703 in chips, $5 bounty) 
Seat 4: Toshiro_Koga (10114 in chips, $5 bounty) 
Seat 5: danilo_pegas (6389 in chips, $5 bounty) 
Seat 6: knerrad29 (4138 in chips, $5 bounty) 
Seat 7: PMPokerMan (4370 in chips, $5 bounty) 
Seat 8: myforum (3768 in chips, $5 bounty) 
Gabrielfs13: posts the ante 15
armaster: posts the ante 15
delysid: posts the ante 15
Toshiro_Koga: posts the ante 15
danilo_pegas: posts the ante 15
knerrad29: posts the ante 15
PMPokerMan: posts the ante 15
myforum: posts the ante 15
armaster: posts small blind 60
delysid: posts big blind 120
*** HOLE CARDS ***
Dealt to Gabrielfs13 [4d 6s]
Toshiro_Koga: folds 
danilo_pegas: raises 120 to 240
knerrad29: folds 
PMPokerMan: folds 
myforum: calls 240
Gabrielfs13: folds 
armaster: folds 
delysid: raises 1140 to 1380
danilo_pegas: folds 
myforum: calls 1140
*** FLOP *** [Qd Kd Jd]
delysid: checks 
myforum: checks 
*** TURN *** [Qd Kd Jd] [9h]
delysid: bets 990
myforum: raises 1383 to 2373 and is all-in
delysid: calls 1383
*** RIVER *** [Qd Kd Jd 9h] [3s]
*** SHOW DOWN ***
delysid: shows [Ts Td] (a straight, Nine to King)
myforum: shows [9c 9d] (three of a kind, Nines)
delysid collected 7926 from pot
delysid wins $2.50 for eliminating myforum and their own bounty increases by $2.50 to $7.50
myforum finished the tournament
*** SUMMARY ***
Total pot 7926 | Rake 0 
Board [Qd Kd Jd 9h 3s]
Seat 1: Gabrielfs13 (button) folded before Flop (didn't bet)
Seat 2: armaster (small blind) folded before Flop
Seat 3: delysid (big blind) showed [Ts Td] and won (7926) with a straight, Nine to King
Seat 4: Toshiro_Koga folded before Flop (didn't bet)
Seat 5: danilo_pegas folded before Flop
Seat 6: knerrad29 folded before Flop (didn't bet)
Seat 7: PMPokerMan folded before Flop (didn't bet)
Seat 8: myforum showed [9c 9d] and lost with three of a kind, Nines



PokerStars Hand #257085190858: Tournament #3911958623, $4.80+$5.00+$1.20 USD Hold'em No Limit - Level VII (60/120) - 2025/07/25 14:49:29 BRT [2025/07/25 13:49:29 ET]
Table '3911958623 30' 8-max Seat #2 is the button
Seat 1: Gabrielfs13 (5907 in chips, $5 bounty) 
Seat 2: armaster (5472 in chips, $7.50 bounty) 
Seat 3: delysid (8861 in chips, $7.50 bounty) 
Seat 4: Toshiro_Koga (10099 in chips, $5 bounty) 
Seat 5: danilo_pegas (6134 in chips, $5 bounty) 
Seat 6: knerrad29 (4123 in chips, $5 bounty) 
Seat 7: PMPokerMan (4355 in chips, $5 bounty) 
Gabrielfs13: posts the ante 15
armaster: posts the ante 15
delysid: posts the ante 15
Toshiro_Koga: posts the ante 15
danilo_pegas: posts the ante 15
knerrad29: posts the ante 15
PMPokerMan: posts the ante 15
delysid: posts small blind 60
Toshiro_Koga: posts big blind 120
*** HOLE CARDS ***
Dealt to Gabrielfs13 [4h 6h]
danilo_pegas: folds 
knerrad29: folds 
PMPokerMan: folds 
Gabrielfs13: raises 120 to 240
armaster: folds 
delysid: folds 
Toshiro_Koga: folds 
Uncalled bet (120) returned to Gabrielfs13
Gabrielfs13 collected 405 from pot
Gabrielfs13: doesn't show hand 
*** SUMMARY ***
Total pot 405 | Rake 0 
Seat 1: Gabrielfs13 collected (405)
Seat 2: armaster (button) folded before Flop (didn't bet)
Seat 3: delysid (small blind) folded before Flop
Seat 4: Toshiro_Koga (big blind) folded before Flop
Seat 5: danilo_pegas folded before Flop (didn't bet)
Seat 6: knerrad29 folded before Flop (didn't bet)
Seat 7: PMPokerMan folded before Flop (didn't bet)



PokerStars Hand #257085201742: Tournament #3911958623, $4.80+$5.00+$1.20 USD Hold'em No Limit - Level VIII (75/150) - 2025/07/25 14:50:24 BRT [2025/07/25 13:50:24 ET]
Table '3911958623 30' 8-max Seat #3 is the button
Seat 1: Gabrielfs13 (6177 in chips, $5 bounty) 
Seat 2: armaster (5457 in chips, $7.50 bounty) 
Seat 3: delysid (8786 in chips, $7.50 bounty) 
Seat 4: Toshiro_Koga (9964 in chips, $5 bounty) 
Seat 5: danilo_pegas (6119 in chips, $5 bounty) 
Seat 6: knerrad29 (4108 in chips, $5 bounty) 
Seat 7: PMPokerMan (4340 in chips, $5 bounty) 
Gabrielfs13: posts the ante 20
armaster: posts the ante 20
delysid: posts the ante 20
Toshiro_Koga: posts the ante 20
danilo_pegas: posts the ante 20
knerrad29: posts the ante 20
PMPokerMan: posts the ante 20
Toshiro_Koga: posts small blind 75
danilo_pegas: posts big blind 150
*** HOLE CARDS ***
Dealt to Gabrielfs13 [4c 6s]
knerrad29: folds 
PMPokerMan: raises 150 to 300
Gabrielfs13: folds 
armaster: calls 300
delysid: folds 
Toshiro_Koga: folds 
danilo_pegas: folds 
*** FLOP *** [8c Tc 9h]
PMPokerMan: checks 
armaster: checks 
*** TURN *** [8c Tc 9h] [Td]
PMPokerMan: checks 
armaster: checks 
*** RIVER *** [8c Tc 9h Td] [8s]
PMPokerMan: checks 
armaster: checks 
*** SHOW DOWN ***
PMPokerMan: shows [7s As] (two pair, Tens and Eights)
armaster: mucks hand 
PMPokerMan collected 965 from pot
*** SUMMARY ***
Total pot 965 | Rake 0 
Board [8c Tc 9h Td 8s]
Seat 1: Gabrielfs13 folded before Flop (didn't bet)
Seat 2: armaster mucked [Kd Qh]
Seat 3: delysid (button) folded before Flop (didn't bet)
Seat 4: Toshiro_Koga (small blind) folded before Flop
Seat 5: danilo_pegas (big blind) folded before Flop
Seat 6: knerrad29 folded before Flop (didn't bet)
Seat 7: PMPokerMan showed [7s As] and won (965) with two pair, Tens and Eights



PokerStars Hand #257085212670: Tournament #3911958623, $4.80+$5.00+$1.20 USD Hold'em No Limit - Level VIII (75/150) - 2025/07/25 14:51:20 BRT [2025/07/25 13:51:20 ET]
Table '3911958623 30' 8-max Seat #4 is the button
Seat 1: Gabrielfs13 (6157 in chips, $5 bounty) 
Seat 2: armaster (5137 in chips, $7.50 bounty) 
Seat 3: delysid (8766 in chips, $7.50 bounty) 
Seat 4: Toshiro_Koga (9869 in chips, $5 bounty) 
Seat 5: danilo_pegas (5949 in chips, $5 bounty) 
Seat 6: knerrad29 (4088 in chips, $5 bounty) 
Seat 7: PMPokerMan (4985 in chips, $5 bounty) 
Gabrielfs13: posts the ante 20
armaster: posts the ante 20
delysid: posts the ante 20
Toshiro_Koga: posts the ante 20
danilo_pegas: posts the ante 20
knerrad29: posts the ante 20
PMPokerMan: posts the ante 20
danilo_pegas: posts small blind 75
knerrad29: posts big blind 150
*** HOLE CARDS ***
Dealt to Gabrielfs13 [7s As]
PMPokerMan: raises 150 to 300
Gabrielfs13: calls 300
armaster: folds 
delysid: calls 300
Toshiro_Koga: calls 300
danilo_pegas: folds 
knerrad29: folds 
*** FLOP *** [8h 6c 5d]
PMPokerMan: checks 
Gabrielfs13: checks 
delysid: checks 
Toshiro_Koga: bets 545
jellizz is disconnected 
PMPokerMan: folds 
Gabrielfs13: calls 545
delysid: folds 
*** TURN *** [8h 6c 5d] [4h]
Gabrielfs13: bets 1752
Toshiro_Koga: folds 
Uncalled bet (1752) returned to Gabrielfs13
Gabrielfs13 collected 2655 from pot
Gabrielfs13: doesn't show hand 
*** SUMMARY ***
Total pot 2655 | Rake 0 
Board [8h 6c 5d 4h]
Seat 1: Gabrielfs13 collected (2655)
Seat 2: armaster folded before Flop (didn't bet)
Seat 3: delysid folded on the Flop
Seat 4: Toshiro_Koga (button) folded on the Turn
Seat 5: danilo_pegas (small blind) folded before Flop
Seat 6: knerrad29 (big blind) folded before Flop
Seat 7: PMPokerMan folded on the Flop



PokerStars Hand #257085227900: Tournament #3911958623, $4.80+$5.00+$1.20 USD Hold'em No Limit - Level VIII (75/150) - 2025/07/25 14:52:36 BRT [2025/07/25 13:52:36 ET]
Table '3911958623 30' 8-max Seat #5 is the button
Seat 1: Gabrielfs13 (7947 in chips, $5 bounty) 
Seat 2: armaster (5117 in chips, $7.50 bounty) 
Seat 3: delysid (8446 in chips, $7.50 bounty) 
Seat 4: Toshiro_Koga (9004 in chips, $5 bounty) 
Seat 5: danilo_pegas (5854 in chips, $5 bounty) 
Seat 6: knerrad29 (3918 in chips, $5 bounty) 
Seat 7: PMPokerMan (4665 in chips, $5 bounty) 
Seat 8: jellizz (5000 in chips, $5 bounty) 
Gabrielfs13: posts the ante 20
armaster: posts the ante 20
delysid: posts the ante 20
Toshiro_Koga: posts the ante 20
danilo_pegas: posts the ante 20
knerrad29: posts the ante 20
PMPokerMan: posts the ante 20
jellizz: posts the ante 20
knerrad29: posts small blind 75
PMPokerMan: posts big blind 150
*** HOLE CARDS ***
Dealt to Gabrielfs13 [7s 9d]
jellizz is connected 
jellizz is connected 
jellizz: folds 
Gabrielfs13: folds 
armaster: folds 
delysid: folds 
Toshiro_Koga: raises 150 to 300
danilo_pegas: folds 
knerrad29: folds 
PMPokerMan: folds 
Uncalled bet (150) returned to Toshiro_Koga
Toshiro_Koga collected 535 from pot
Toshiro_Koga: doesn't show hand 
*** SUMMARY ***
Total pot 535 | Rake 0 
Seat 1: Gabrielfs13 folded before Flop (didn't bet)
Seat 2: armaster folded before Flop (didn't bet)
Seat 3: delysid folded before Flop (didn't bet)
Seat 4: Toshiro_Koga collected (535)
Seat 5: danilo_pegas (button) folded before Flop (didn't bet)
Seat 6: knerrad29 (small blind) folded before Flop
Seat 7: PMPokerMan (big blind) folded before Flop
Seat 8: jellizz folded before Flop (didn't bet)



PokerStars Hand #257085234012: Tournament #3911958623, $4.80+$5.00+$1.20 USD Hold'em No Limit - Level VIII (75/150) - 2025/07/25 14:53:07 BRT [2025/07/25 13:53:07 ET]
Table '3911958623 30' 8-max Seat #6 is the button
Seat 1: Gabrielfs13 (7927 in chips, $5 bounty) 
Seat 2: armaster (5097 in chips, $7.50 bounty) 
Seat 3: delysid (8426 in chips, $7.50 bounty) 
Seat 4: Toshiro_Koga (9369 in chips, $5 bounty) 
Seat 5: danilo_pegas (5834 in chips, $5 bounty) 
Seat 6: knerrad29 (3823 in chips, $5 bounty) 
Seat 7: PMPokerMan (4495 in chips, $5 bounty) 
Seat 8: jellizz (4980 in chips, $5 bounty) 
Gabrielfs13: posts the ante 20
armaster: posts the ante 20
delysid: posts the ante 20
Toshiro_Koga: posts the ante 20
danilo_pegas: posts the ante 20
knerrad29: posts the ante 20
PMPokerMan: posts the ante 20
jellizz: posts the ante 20
PMPokerMan: posts small blind 75
jellizz: posts big blind 150
*** HOLE CARDS ***
Dealt to Gabrielfs13 [4s 5h]
Gabrielfs13: folds 
armaster: folds 
delysid: raises 150 to 300
Toshiro_Koga: raises 600 to 900
danilo_pegas: folds 
knerrad29: folds 
PMPokerMan: folds 
jellizz: folds 
delysid: folds 
Uncalled bet (600) returned to Toshiro_Koga
Toshiro_Koga collected 985 from pot
Toshiro_Koga: doesn't show hand 
*** SUMMARY ***
Total pot 985 | Rake 0 
Seat 1: Gabrielfs13 folded before Flop (didn't bet)
Seat 2: armaster folded before Flop (didn't bet)
Seat 3: delysid folded before Flop
Seat 4: Toshiro_Koga collected (985)
Seat 5: danilo_pegas folded before Flop (didn't bet)
Seat 6: knerrad29 (button) folded before Flop (didn't bet)
Seat 7: PMPokerMan (small blind) folded before Flop
Seat 8: jellizz (big blind) folded before Flop



PokerStars Hand #257085238213: Tournament #3911958623, $4.80+$5.00+$1.20 USD Hold'em No Limit - Level VIII (75/150) - 2025/07/25 14:53:28 BRT [2025/07/25 13:53:28 ET]
Table '3911958623 30' 8-max Seat #7 is the button
Seat 1: Gabrielfs13 (7907 in chips, $5 bounty) 
Seat 2: armaster (5077 in chips, $7.50 bounty) 
Seat 3: delysid (8106 in chips, $7.50 bounty) 
Seat 4: Toshiro_Koga (10034 in chips, $5 bounty) 
Seat 5: danilo_pegas (5814 in chips, $5 bounty) 
Seat 6: knerrad29 (3803 in chips, $5 bounty) 
Seat 7: PMPokerMan (4400 in chips, $5 bounty) 
Seat 8: jellizz (4810 in chips, $5 bounty) 
Gabrielfs13: posts the ante 20
armaster: posts the ante 20
delysid: posts the ante 20
Toshiro_Koga: posts the ante 20
danilo_pegas: posts the ante 20
knerrad29: posts the ante 20
PMPokerMan: posts the ante 20
jellizz: posts the ante 20
jellizz: posts small blind 75
Gabrielfs13: posts big blind 150
*** HOLE CARDS ***
Dealt to Gabrielfs13 [8c 4s]
armaster: folds 
delysid: folds 
Toshiro_Koga: folds 
danilo_pegas: folds 
knerrad29: raises 180 to 330
PMPokerMan: folds 
jellizz: folds 
Gabrielfs13: folds 
Uncalled bet (180) returned to knerrad29
knerrad29 collected 535 from pot
*** SUMMARY ***
Total pot 535 | Rake 0 
Seat 1: Gabrielfs13 (big blind) folded before Flop
Seat 2: armaster folded before Flop (didn't bet)
Seat 3: delysid folded before Flop (didn't bet)
Seat 4: Toshiro_Koga folded before Flop (didn't bet)
Seat 5: danilo_pegas folded before Flop (didn't bet)
Seat 6: knerrad29 collected (535)
Seat 7: PMPokerMan (button) folded before Flop (didn't bet)
Seat 8: jellizz (small blind) folded before Flop



PokerStars Hand #257085242427: Tournament #3911958623, $4.80+$5.00+$1.20 USD Hold'em No Limit - Level VIII (75/150) - 2025/07/25 14:53:49 BRT [2025/07/25 13:53:49 ET]
Table '3911958623 30' 8-max Seat #8 is the button
Seat 1: Gabrielfs13 (7737 in chips, $5 bounty) 
Seat 2: armaster (5057 in chips, $7.50 bounty) 
Seat 3: delysid (8086 in chips, $7.50 bounty) 
Seat 4: Toshiro_Koga (10014 in chips, $5 bounty) 
Seat 5: danilo_pegas (5794 in chips, $5 bounty) 
Seat 6: knerrad29 (4168 in chips, $5 bounty) 
Seat 7: PMPokerMan (4380 in chips, $5 bounty) 
Seat 8: jellizz (4715 in chips, $5 bounty) 
Gabrielfs13: posts the ante 20
armaster: posts the ante 20
delysid: posts the ante 20
Toshiro_Koga: posts the ante 20
danilo_pegas: posts the ante 20
knerrad29: posts the ante 20
PMPokerMan: posts the ante 20
jellizz: posts the ante 20
Gabrielfs13: posts small blind 75
armaster: posts big blind 150
*** HOLE CARDS ***
Dealt to Gabrielfs13 [3c Ah]
delysid: folds 
Toshiro_Koga: folds 
danilo_pegas: folds 
knerrad29: folds 
PMPokerMan: folds 
jellizz: raises 150 to 300
Gabrielfs13: folds 
armaster: calls 150
*** FLOP *** [3d 9c 5d]
armaster: bets 150
jellizz: raises 375 to 525
armaster: folds 
Uncalled bet (375) returned to jellizz
jellizz collected 1135 from pot
jellizz: doesn't show hand 
*** SUMMARY ***
Total pot 1135 | Rake 0 
Board [3d 9c 5d]
Seat 1: Gabrielfs13 (small blind) folded before Flop
Seat 2: armaster (big blind) folded on the Flop
Seat 3: delysid folded before Flop (didn't bet)
Seat 4: Toshiro_Koga folded before Flop (didn't bet)
Seat 5: danilo_pegas folded before Flop (didn't bet)
Seat 6: knerrad29 folded before Flop (didn't bet)
Seat 7: PMPokerMan folded before Flop (didn't bet)
Seat 8: jellizz (button) collected (1135)



PokerStars Hand #257085250289: Tournament #3911958623, $4.80+$5.00+$1.20 USD Hold'em No Limit - Level VIII (75/150) - 2025/07/25 14:54:29 BRT [2025/07/25 13:54:29 ET]
Table '3911958623 30' 8-max Seat #1 is the button
Seat 1: Gabrielfs13 (7642 in chips, $5 bounty) 
Seat 2: armaster (4587 in chips, $7.50 bounty) 
Seat 3: delysid (8066 in chips, $7.50 bounty) 
Seat 4: Toshiro_Koga (9994 in chips, $5 bounty) 
Seat 5: danilo_pegas (5774 in chips, $5 bounty) 
Seat 6: knerrad29 (4148 in chips, $5 bounty) 
Seat 7: PMPokerMan (4360 in chips, $5 bounty) 
Seat 8: jellizz (5380 in chips, $5 bounty) 
Gabrielfs13: posts the ante 20
armaster: posts the ante 20
delysid: posts the ante 20
Toshiro_Koga: posts the ante 20
danilo_pegas: posts the ante 20
knerrad29: posts the ante 20
PMPokerMan: posts the ante 20
jellizz: posts the ante 20
armaster: posts small blind 75
delysid: posts big blind 150
*** HOLE CARDS ***
Dealt to Gabrielfs13 [2h 9h]
Toshiro_Koga: folds 
danilo_pegas: folds 
knerrad29: folds 
PMPokerMan: folds 
jellizz: folds 
Gabrielfs13: folds 
armaster: raises 200 to 350
delysid: calls 200
*** FLOP *** [7c 5s 3c]
armaster: bets 600
delysid: calls 600
*** TURN *** [7c 5s 3c] [7s]
armaster: bets 3617 and is all-in
delysid: folds 
Uncalled bet (3617) returned to armaster
armaster collected 2060 from pot
*** SUMMARY ***
Total pot 2060 | Rake 0 
Board [7c 5s 3c 7s]
Seat 1: Gabrielfs13 (button) folded before Flop (didn't bet)
Seat 2: armaster (small blind) collected (2060)
Seat 3: delysid (big blind) folded on the Turn
Seat 4: Toshiro_Koga folded before Flop (didn't bet)
Seat 5: danilo_pegas folded before Flop (didn't bet)
Seat 6: knerrad29 folded before Flop (didn't bet)
Seat 7: PMPokerMan folded before Flop (didn't bet)
Seat 8: jellizz folded before Flop (didn't bet)



PokerStars Hand #257085314474: Tournament #3911958623, $4.80+$5.00+$1.20 USD Hold'em No Limit - Level IX (100/200) - 2025/07/25 15:01:35 BRT [2025/07/25 14:01:35 ET]
Table '3911958623 30' 8-max Seat #2 is the button
Seat 1: Gabrielfs13 (7622 in chips, $5 bounty) 
Seat 2: armaster (5677 in chips, $7.50 bounty) 
Seat 3: delysid (7096 in chips, $7.50 bounty) 
Seat 4: Toshiro_Koga (9974 in chips, $5 bounty) 
Seat 5: danilo_pegas (5754 in chips, $5 bounty) 
Seat 6: knerrad29 (4128 in chips, $5 bounty) 
Seat 7: PMPokerMan (4340 in chips, $5 bounty) 
Seat 8: jellizz (5360 in chips, $5 bounty) 
Gabrielfs13: posts the ante 25
armaster: posts the ante 25
delysid: posts the ante 25
Toshiro_Koga: posts the ante 25
danilo_pegas: posts the ante 25
knerrad29: posts the ante 25
PMPokerMan: posts the ante 25
jellizz: posts the ante 25
delysid: posts small blind 100
Toshiro_Koga: posts big blind 200
*** HOLE CARDS ***
Dealt to Gabrielfs13 [Qd 4c]
danilo_pegas: folds 
knerrad29: folds 
PMPokerMan: folds 
jellizz: folds 
jellizz is sitting out
Gabrielfs13: folds 
armaster: raises 260 to 460
delysid: raises 1520 to 1980
Toshiro_Koga: raises 7969 to 9949 and is all-in
armaster: folds 
delysid: calls 5091 and is all-in
Uncalled bet (2878) returned to Toshiro_Koga
*** FLOP *** [6h Tc 3c]
*** TURN *** [6h Tc 3c] [5s]
*** RIVER *** [6h Tc 3c 5s] [Js]
*** SHOW DOWN ***
delysid: shows [Kc As] (high card Ace)
Toshiro_Koga: shows [Ad Ts] (a pair of Tens)
Toshiro_Koga collected 14802 from pot
Toshiro_Koga wins $3.75 for eliminating delysid and their own bounty increases by $3.75 to $8.75
delysid finished the tournament
*** SUMMARY ***
Total pot 14802 | Rake 0 
Board [6h Tc 3c 5s Js]
Seat 1: Gabrielfs13 folded before Flop (didn't bet)
Seat 2: armaster (button) folded before Flop
Seat 3: delysid (small blind) showed [Kc As] and lost with high card Ace
Seat 4: Toshiro_Koga (big blind) showed [Ad Ts] and won (14802) with a pair of Tens
Seat 5: danilo_pegas folded before Flop (didn't bet)
Seat 6: knerrad29 folded before Flop (didn't bet)
Seat 7: PMPokerMan folded before Flop (didn't bet)
Seat 8: jellizz folded before Flop (didn't bet)



PokerStars Hand #257085327602: Tournament #3911958623, $4.80+$5.00+$1.20 USD Hold'em No Limit - Level IX (100/200) - 2025/07/25 15:02:44 BRT [2025/07/25 14:02:44 ET]
Table '3911958623 30' 8-max Seat #4 is the button
Seat 1: Gabrielfs13 (7597 in chips, $5 bounty) 
Seat 2: armaster (5192 in chips, $7.50 bounty) 
Seat 4: Toshiro_Koga (17680 in chips, $8.75 bounty) 
Seat 5: danilo_pegas (5729 in chips, $5 bounty) 
Seat 6: knerrad29 (4103 in chips, $5 bounty) 
Seat 7: PMPokerMan (4315 in chips, $5 bounty) 
Seat 8: jellizz (5335 in chips, $5 bounty) is sitting out
Gabrielfs13: posts the ante 25
armaster: posts the ante 25
Toshiro_Koga: posts the ante 25
danilo_pegas: posts the ante 25
knerrad29: posts the ante 25
PMPokerMan: posts the ante 25
jellizz: posts the ante 25
danilo_pegas: posts small blind 100
knerrad29: posts big blind 200
*** HOLE CARDS ***
Dealt to Gabrielfs13 [9d 9c]
PMPokerMan: folds 
jellizz: folds 
Gabrielfs13: raises 200 to 400
armaster: folds 
Toshiro_Koga: folds 
danilo_pegas: folds 
Monk Gallas is disconnected 
knerrad29: folds 
Uncalled bet (200) returned to Gabrielfs13
Gabrielfs13 collected 675 from pot
Gabrielfs13: doesn't show hand 
*** SUMMARY ***
Total pot 675 | Rake 0 
Seat 1: Gabrielfs13 collected (675)
Seat 2: armaster folded before Flop (didn't bet)
Seat 4: Toshiro_Koga (button) folded before Flop (didn't bet)
Seat 5: danilo_pegas (small blind) folded before Flop
Seat 6: knerrad29 (big blind) folded before Flop
Seat 7: PMPokerMan folded before Flop (didn't bet)
Seat 8: jellizz folded before Flop (didn't bet)



PokerStars Hand #257085335078: Tournament #3911958623, $4.80+$5.00+$1.20 USD Hold'em No Limit - Level IX (100/200) - 2025/07/25 15:03:22 BRT [2025/07/25 14:03:22 ET]
Table '3911958623 30' 8-max Seat #5 is the button
Seat 1: Gabrielfs13 (8047 in chips, $5 bounty) 
Seat 2: armaster (5167 in chips, $7.50 bounty) 
Seat 3: Monk Gallas (5000 in chips, $5 bounty) 
Seat 4: Toshiro_Koga (17655 in chips, $8.75 bounty) 
Seat 5: danilo_pegas (5604 in chips, $5 bounty) 
Seat 6: knerrad29 (3878 in chips, $5 bounty) 
Seat 7: PMPokerMan (4290 in chips, $5 bounty) 
Seat 8: jellizz (5310 in chips, $5 bounty) is sitting out
Gabrielfs13: posts the ante 25
armaster: posts the ante 25
Monk Gallas: posts the ante 25
Toshiro_Koga: posts the ante 25
danilo_pegas: posts the ante 25
knerrad29: posts the ante 25
PMPokerMan: posts the ante 25
jellizz: posts the ante 25
knerrad29: posts small blind 100
PMPokerMan: posts big blind 200
*** HOLE CARDS ***
Dealt to Gabrielfs13 [6d 4s]
jellizz: folds 
Gabrielfs13: folds 
armaster: raises 248 to 448
Monk Gallas: folds 
Toshiro_Koga: folds 
danilo_pegas: folds 
knerrad29: folds 
jellizz has returned
PMPokerMan: raises 3817 to 4265 and is all-in
armaster: folds 
Uncalled bet (3817) returned to PMPokerMan
PMPokerMan collected 1196 from pot
PMPokerMan: doesn't show hand 
*** SUMMARY ***
Total pot 1196 | Rake 0 
Seat 1: Gabrielfs13 folded before Flop (didn't bet)
Seat 2: armaster folded before Flop
Seat 3: Monk Gallas folded before Flop (didn't bet)
Seat 4: Toshiro_Koga folded before Flop (didn't bet)
Seat 5: danilo_pegas (button) folded before Flop (didn't bet)
Seat 6: knerrad29 (small blind) folded before Flop
Seat 7: PMPokerMan (big blind) collected (1196)
Seat 8: jellizz folded before Flop (didn't bet)



PokerStars Hand #257085345322: Tournament #3911958623, $4.80+$5.00+$1.20 USD Hold'em No Limit - Level IX (100/200) - 2025/07/25 15:04:15 BRT [2025/07/25 14:04:15 ET]
Table '3911958623 30' 8-max Seat #6 is the button
Seat 1: Gabrielfs13 (8022 in chips, $5 bounty) 
Seat 2: armaster (4694 in chips, $7.50 bounty) 
Seat 3: Monk Gallas (4975 in chips, $5 bounty) 
Seat 4: Toshiro_Koga (17630 in chips, $8.75 bounty) 
Seat 5: danilo_pegas (5579 in chips, $5 bounty) 
Seat 6: knerrad29 (3753 in chips, $5 bounty) 
Seat 7: PMPokerMan (5013 in chips, $5 bounty) 
Seat 8: jellizz (5285 in chips, $5 bounty) 
Gabrielfs13: posts the ante 25
armaster: posts the ante 25
Monk Gallas: posts the ante 25
Toshiro_Koga: posts the ante 25
danilo_pegas: posts the ante 25
knerrad29: posts the ante 25
PMPokerMan: posts the ante 25
jellizz: posts the ante 25
PMPokerMan: posts small blind 100
jellizz: posts big blind 200
*** HOLE CARDS ***
Dealt to Gabrielfs13 [Ks 3s]
Gabrielfs13: folds 
armaster: folds 
Monk Gallas: folds 
Toshiro_Koga: folds 
danilo_pegas: folds 
knerrad29: folds 
PMPokerMan: folds 
Uncalled bet (100) returned to jellizz
jellizz collected 400 from pot
jellizz: doesn't show hand 
*** SUMMARY ***
Total pot 400 | Rake 0 
Seat 1: Gabrielfs13 folded before Flop (didn't bet)
Seat 2: armaster folded before Flop (didn't bet)
Seat 3: Monk Gallas folded before Flop (didn't bet)
Seat 4: Toshiro_Koga folded before Flop (didn't bet)
Seat 5: danilo_pegas folded before Flop (didn't bet)
Seat 6: knerrad29 (button) folded before Flop (didn't bet)
Seat 7: PMPokerMan (small blind) folded before Flop
Seat 8: jellizz (big blind) collected (400)



PokerStars Hand #257085348422: Tournament #3911958623, $4.80+$5.00+$1.20 USD Hold'em No Limit - Level IX (100/200) - 2025/07/25 15:04:30 BRT [2025/07/25 14:04:30 ET]
Table '3911958623 30' 8-max Seat #7 is the button
Seat 1: Gabrielfs13 (7997 in chips, $5 bounty) 
Seat 2: armaster (4669 in chips, $7.50 bounty) 
Seat 3: Monk Gallas (4950 in chips, $5 bounty) 
Seat 4: Toshiro_Koga (17605 in chips, $8.75 bounty) 
Seat 5: danilo_pegas (5554 in chips, $5 bounty) 
Seat 6: knerrad29 (3728 in chips, $5 bounty) 
Seat 7: PMPokerMan (4888 in chips, $5 bounty) 
Seat 8: jellizz (5560 in chips, $5 bounty) 
Gabrielfs13: posts the ante 25
armaster: posts the ante 25
Monk Gallas: posts the ante 25
Toshiro_Koga: posts the ante 25
danilo_pegas: posts the ante 25
knerrad29: posts the ante 25
PMPokerMan: posts the ante 25
jellizz: posts the ante 25
jellizz: posts small blind 100
Gabrielfs13: posts big blind 200
*** HOLE CARDS ***
Dealt to Gabrielfs13 [Ac 5s]
armaster: folds 
Monk Gallas: folds 
Toshiro_Koga: folds 
danilo_pegas: folds 
knerrad29: folds 
PMPokerMan: raises 200 to 400
jellizz: folds 
Gabrielfs13: calls 200
*** FLOP *** [3h 4d 7h]
Gabrielfs13: checks 
PMPokerMan: bets 825
Gabrielfs13: raises 825 to 1650
PMPokerMan: raises 2813 to 4463 and is all-in
Gabrielfs13: calls 2813
*** TURN *** [3h 4d 7h] [Tc]
*** RIVER *** [3h 4d 7h Tc] [5h]
*** SHOW DOWN ***
Gabrielfs13: shows [Ac 5s] (a pair of Fives)
PMPokerMan: shows [Qc Qs] (a pair of Queens)
PMPokerMan collected 10026 from pot
*** SUMMARY ***
Total pot 10026 | Rake 0 
Board [3h 4d 7h Tc 5h]
Seat 1: Gabrielfs13 (big blind) showed [Ac 5s] and lost with a pair of Fives
Seat 2: armaster folded before Flop (didn't bet)
Seat 3: Monk Gallas folded before Flop (didn't bet)
Seat 4: Toshiro_Koga folded before Flop (didn't bet)
Seat 5: danilo_pegas folded before Flop (didn't bet)
Seat 6: knerrad29 folded before Flop (didn't bet)
Seat 7: PMPokerMan (button) showed [Qc Qs] and won (10026) with a pair of Queens
Seat 8: jellizz (small blind) folded before Flop



PokerStars Hand #257085362664: Tournament #3911958623, $4.80+$5.00+$1.20 USD Hold'em No Limit - Level IX (100/200) - 2025/07/25 15:05:41 BRT [2025/07/25 14:05:41 ET]
Table '3911958623 30' 8-max Seat #8 is the button
Seat 1: Gabrielfs13 (3109 in chips, $5 bounty) 
Seat 2: armaster (4644 in chips, $7.50 bounty) 
Seat 3: Monk Gallas (4925 in chips, $5 bounty) 
Seat 4: Toshiro_Koga (17580 in chips, $8.75 bounty) 
Seat 5: danilo_pegas (5529 in chips, $5 bounty) 
Seat 6: knerrad29 (3703 in chips, $5 bounty) 
Seat 7: PMPokerMan (10026 in chips, $5 bounty) 
Seat 8: jellizz (5435 in chips, $5 bounty) 
Gabrielfs13: posts the ante 25
armaster: posts the ante 25
Monk Gallas: posts the ante 25
Toshiro_Koga: posts the ante 25
danilo_pegas: posts the ante 25
knerrad29: posts the ante 25
PMPokerMan: posts the ante 25
jellizz: posts the ante 25
Gabrielfs13: posts small blind 100
armaster: posts big blind 200
*** HOLE CARDS ***
Dealt to Gabrielfs13 [Tc 5c]
Monk Gallas: raises 200 to 400
Toshiro_Koga: folds 
danilo_pegas: folds 
knerrad29: folds 
PMPokerMan: folds 
jellizz: folds 
Gabrielfs13: folds 
armaster: calls 200
*** FLOP *** [Qh 7s 7c]
armaster: checks 
Monk Gallas: bets 363
armaster: folds 
Uncalled bet (363) returned to Monk Gallas
Monk Gallas collected 1100 from pot
*** SUMMARY ***
Total pot 1100 | Rake 0 
Board [Qh 7s 7c]
Seat 1: Gabrielfs13 (small blind) folded before Flop
Seat 2: armaster (big blind) folded on the Flop
Seat 3: Monk Gallas collected (1100)
Seat 4: Toshiro_Koga folded before Flop (didn't bet)
Seat 5: danilo_pegas folded before Flop (didn't bet)
Seat 6: knerrad29 folded before Flop (didn't bet)
Seat 7: PMPokerMan folded before Flop (didn't bet)
Seat 8: jellizz (button) folded before Flop (didn't bet)



PokerStars Hand #257085373262: Tournament #3911958623, $4.80+$5.00+$1.20 USD Hold'em No Limit - Level X (125/250) - 2025/07/25 15:06:33 BRT [2025/07/25 14:06:33 ET]
Table '3911958623 30' 8-max Seat #1 is the button
Seat 1: Gabrielfs13 (2984 in chips, $5 bounty) 
Seat 2: armaster (4219 in chips, $7.50 bounty) 
Seat 3: Monk Gallas (5600 in chips, $5 bounty) 
Seat 4: Toshiro_Koga (17555 in chips, $8.75 bounty) 
Seat 5: danilo_pegas (5504 in chips, $5 bounty) 
Seat 6: knerrad29 (3678 in chips, $5 bounty) 
Seat 7: PMPokerMan (10001 in chips, $5 bounty) 
Seat 8: jellizz (5410 in chips, $5 bounty) 
Gabrielfs13: posts the ante 30
armaster: posts the ante 30
Monk Gallas: posts the ante 30
Toshiro_Koga: posts the ante 30
danilo_pegas: posts the ante 30
knerrad29: posts the ante 30
PMPokerMan: posts the ante 30
jellizz: posts the ante 30
armaster: posts small blind 125
Monk Gallas: posts big blind 250
*** HOLE CARDS ***
Dealt to Gabrielfs13 [Ah 7s]
Toshiro_Koga: folds 
danilo_pegas: folds 
knerrad29: folds 
PMPokerMan: folds 
jellizz: folds 
Gabrielfs13: raises 2704 to 2954 and is all-in
armaster: folds 
Monk Gallas: calls 2704
*** FLOP *** [2c Ts 7c]
*** TURN *** [2c Ts 7c] [8c]
*** RIVER *** [2c Ts 7c 8c] [Jh]
*** SHOW DOWN ***
Monk Gallas: shows [8s Ad] (a pair of Eights)
Gabrielfs13: shows [Ah 7s] (a pair of Sevens)
Monk Gallas collected 6273 from pot
Monk Gallas wins $2.50 for eliminating Gabrielfs13 and their own bounty increases by $2.50 to $7.50
Gabrielfs13 finished the tournament
*** SUMMARY ***
Total pot 6273 | Rake 0 
Board [2c Ts 7c 8c Jh]
Seat 1: Gabrielfs13 (button) showed [Ah 7s] and lost with a pair of Sevens
Seat 2: armaster (small blind) folded before Flop
Seat 3: Monk Gallas (big blind) showed [8s Ad] and won (6273) with a pair of Eights
Seat 4: Toshiro_Koga folded before Flop (didn't bet)
Seat 5: danilo_pegas folded before Flop (didn't bet)
Seat 6: knerrad29 folded before Flop (didn't bet)
Seat 7: PMPokerMan folded before Flop (didn't bet)
Seat 8: jellizz folded before Flop (didn't bet)



PokerStars Hand #257085388928: Tournament #3911958623, $4.80+$5.00+$1.20 USD Hold'em No Limit - Level X (125/250) - 2025/07/25 15:07:50 BRT [2025/07/25 14:07:50 ET]
Table '3911958623 39' 8-max Seat #3 is the button
Seat 1: Gabrielfs13 (5000 in chips, $5 bounty) 
Seat 2: XxMvPokeRxX (12736 in chips, $5 bounty) 
Seat 3: Gripen76 (2675 in chips, $5 bounty) 
Seat 4: RAPID423 (13014 in chips, $10 bounty) 
Seat 5: JulianoPK10 (6094 in chips, $5 bounty) 
Seat 6: welben23 (8858 in chips, $7.50 bounty) 
Seat 7: Rapa velhos (4878 in chips, $5 bounty) 
Seat 8: mff1607 (10754 in chips, $7.50 bounty) 
Gabrielfs13: posts the ante 30
XxMvPokeRxX: posts the ante 30
Gripen76: posts the ante 30
RAPID423: posts the ante 30
JulianoPK10: posts the ante 30
welben23: posts the ante 30
Rapa velhos: posts the ante 30
mff1607: posts the ante 30
RAPID423: posts small blind 125
JulianoPK10: posts big blind 250
*** HOLE CARDS ***
Dealt to Gabrielfs13 [8d 3d]
welben23: folds 
Rapa velhos: folds 
mff1607: folds 
Gabrielfs13: folds 
XxMvPokeRxX: raises 250 to 500
Gripen76: raises 2145 to 2645 and is all-in
RAPID423: calls 2520
JulianoPK10: folds 
XxMvPokeRxX: raises 10061 to 12706 and is all-in
RAPID423: calls 10061
*** FLOP *** [6d 4c 7s]
*** TURN *** [6d 4c 7s] [9c]
*** RIVER *** [6d 4c 7s 9c] [5c]
*** SHOW DOWN ***
RAPID423: shows [Ks 6c] (a pair of Sixes)
XxMvPokeRxX: shows [Qh Ad] (high card Ace)
RAPID423 collected 20122 from side pot
Gripen76: shows [4s 4h] (three of a kind, Fours)
Gripen76 collected 8425 from main pot
RAPID423 wins $2.50 for eliminating XxMvPokeRxX and their own bounty increases by $2.50 to $12.50
XxMvPokeRxX finished the tournament
*** SUMMARY ***
Total pot 28547 Main pot 8425. Side pot 20122. | Rake 0 
Board [6d 4c 7s 9c 5c]
Seat 1: Gabrielfs13 folded before Flop (didn't bet)
Seat 2: XxMvPokeRxX showed [Qh Ad] and lost with high card Ace
Seat 3: Gripen76 (button) showed [4s 4h] and won (8425) with three of a kind, Fours
Seat 4: RAPID423 (small blind) showed [Ks 6c] and won (20122) with a pair of Sixes
Seat 5: JulianoPK10 (big blind) folded before Flop
Seat 6: welben23 folded before Flop (didn't bet)
Seat 7: Rapa velhos folded before Flop (didn't bet)
Seat 8: mff1607 folded before Flop (didn't bet)



PokerStars Hand #257085400473: Tournament #3911958623, $4.80+$5.00+$1.20 USD Hold'em No Limit - Level X (125/250) - 2025/07/25 15:08:47 BRT [2025/07/25 14:08:47 ET]
Table '3911958623 39' 8-max Seat #4 is the button
Seat 1: Gabrielfs13 (4970 in chips, $5 bounty) 
Seat 3: Gripen76 (8425 in chips, $5 bounty) 
Seat 4: RAPID423 (20400 in chips, $12.50 bounty) 
Seat 5: JulianoPK10 (5814 in chips, $5 bounty) 
Seat 6: welben23 (8828 in chips, $7.50 bounty) 
Seat 7: Rapa velhos (4848 in chips, $5 bounty) 
Seat 8: mff1607 (10724 in chips, $7.50 bounty) 
Gabrielfs13: posts the ante 30
Gripen76: posts the ante 30
RAPID423: posts the ante 30
JulianoPK10: posts the ante 30
welben23: posts the ante 30
Rapa velhos: posts the ante 30
mff1607: posts the ante 30
JulianoPK10: posts small blind 125
welben23: posts big blind 250
*** HOLE CARDS ***
Dealt to Gabrielfs13 [4d 8h]
Rapa velhos: folds 
mff1607: folds 
Gabrielfs13: folds 
Gripen76: raises 250 to 500
RAPID423: folds 
JulianoPK10: folds 
welben23: calls 250
*** FLOP *** [Ts 2h 6h]
welben23: checks 
Gripen76: checks 
*** TURN *** [Ts 2h 6h] [6d]
welben23: bets 1001
Gripen76: folds 
Uncalled bet (1001) returned to welben23
welben23 collected 1335 from pot
welben23: doesn't show hand 
*** SUMMARY ***
Total pot 1335 | Rake 0 
Board [Ts 2h 6h 6d]
Seat 1: Gabrielfs13 folded before Flop (didn't bet)
Seat 3: Gripen76 folded on the Turn
Seat 4: RAPID423 (button) folded before Flop (didn't bet)
Seat 5: JulianoPK10 (small blind) folded before Flop
Seat 6: welben23 (big blind) collected (1335)
Seat 7: Rapa velhos folded before Flop (didn't bet)
Seat 8: mff1607 folded before Flop (didn't bet)



PokerStars Hand #257085415277: Tournament #3911958623, $4.80+$5.00+$1.20 USD Hold'em No Limit - Level X (125/250) - 2025/07/25 15:10:00 BRT [2025/07/25 14:10:00 ET]
Table '3911958623 39' 8-max Seat #5 is the button
Seat 1: Gabrielfs13 (4940 in chips, $5 bounty) 
Seat 3: Gripen76 (7895 in chips, $5 bounty) 
Seat 4: RAPID423 (20370 in chips, $12.50 bounty) 
Seat 5: JulianoPK10 (5659 in chips, $5 bounty) 
Seat 6: welben23 (9633 in chips, $7.50 bounty) 
Seat 7: Rapa velhos (4818 in chips, $5 bounty) 
Seat 8: mff1607 (10694 in chips, $7.50 bounty) 
Gabrielfs13: posts the ante 30
Gripen76: posts the ante 30
RAPID423: posts the ante 30
JulianoPK10: posts the ante 30
welben23: posts the ante 30
Rapa velhos: posts the ante 30
mff1607: posts the ante 30
welben23: posts small blind 125
Rapa velhos: posts big blind 250
*** HOLE CARDS ***
Dealt to Gabrielfs13 [Ad Js]
mff1607: folds 
Gabrielfs13: raises 250 to 500
Gripen76: folds 
RAPID423: calls 500
JulianoPK10: folds 
welben23: folds 
Rapa velhos: folds 
*** FLOP *** [Jd Jc 5s]
Gabrielfs13: checks 
RAPID423: bets 250
Gabrielfs13: raises 500 to 750
RAPID423: calls 500
*** TURN *** [Jd Jc 5s] [2s]
Gabrielfs13: checks 
RAPID423: checks 
*** RIVER *** [Jd Jc 5s 2s] [Td]
Gabrielfs13: checks 
RAPID423: checks 
*** SHOW DOWN ***
Gabrielfs13: shows [Ad Js] (three of a kind, Jacks)
RAPID423: mucks hand 
Gabrielfs13 collected 3085 from pot
*** SUMMARY ***
Total pot 3085 | Rake 0 
Board [Jd Jc 5s 2s Td]
Seat 1: Gabrielfs13 showed [Ad Js] and won (3085) with three of a kind, Jacks
Seat 3: Gripen76 folded before Flop (didn't bet)
Seat 4: RAPID423 mucked [7d 7c]
Seat 5: JulianoPK10 (button) folded before Flop (didn't bet)
Seat 6: welben23 (small blind) folded before Flop
Seat 7: Rapa velhos (big blind) folded before Flop
Seat 8: mff1607 folded before Flop (didn't bet)



PokerStars Hand #257085424331: Tournament #3911958623, $4.80+$5.00+$1.20 USD Hold'em No Limit - Level X (125/250) - 2025/07/25 15:10:45 BRT [2025/07/25 14:10:45 ET]
Table '3911958623 39' 8-max Seat #6 is the button
Seat 1: Gabrielfs13 (6745 in chips, $5 bounty) 
Seat 3: Gripen76 (7865 in chips, $5 bounty) 
Seat 4: RAPID423 (19090 in chips, $12.50 bounty) 
Seat 5: JulianoPK10 (5629 in chips, $5 bounty) 
Seat 6: welben23 (9478 in chips, $7.50 bounty) 
Seat 7: Rapa velhos (4538 in chips, $5 bounty) 
Seat 8: mff1607 (10664 in chips, $7.50 bounty) 
Gabrielfs13: posts the ante 30
Gripen76: posts the ante 30
RAPID423: posts the ante 30
JulianoPK10: posts the ante 30
welben23: posts the ante 30
Rapa velhos: posts the ante 30
mff1607: posts the ante 30
Rapa velhos: posts small blind 125
mff1607: posts big blind 250
*** HOLE CARDS ***
Dealt to Gabrielfs13 [9c 3d]
Gabrielfs13: folds 
Gripen76: folds 
RAPID423: folds 
JulianoPK10: folds 
welben23: raises 250 to 500
Rapa velhos: folds 
mff1607: calls 250
*** FLOP *** [6s 7c Tc]
mff1607 has timed out
mff1607: checks 
welben23: bets 334
mff1607 has timed out
mff1607: folds 
mff1607 is sitting out
Uncalled bet (334) returned to welben23
welben23 collected 1335 from pot
welben23: doesn't show hand 
mff1607 has returned
*** SUMMARY ***
Total pot 1335 | Rake 0 
Board [6s 7c Tc]
Seat 1: Gabrielfs13 folded before Flop (didn't bet)
Seat 3: Gripen76 folded before Flop (didn't bet)
Seat 4: RAPID423 folded before Flop (didn't bet)
Seat 5: JulianoPK10 folded before Flop (didn't bet)
Seat 6: welben23 (button) collected (1335)
Seat 7: Rapa velhos (small blind) folded before Flop
Seat 8: mff1607 (big blind) folded on the Flop



PokerStars Hand #257085438302: Tournament #3911958623, $4.80+$5.00+$1.20 USD Hold'em No Limit - Level XI (150/300) - 2025/07/25 15:11:55 BRT [2025/07/25 14:11:55 ET]
Table '3911958623 39' 8-max Seat #7 is the button
Seat 1: Gabrielfs13 (6715 in chips, $5 bounty) 
Seat 3: Gripen76 (7835 in chips, $5 bounty) 
Seat 4: RAPID423 (19060 in chips, $12.50 bounty) 
Seat 5: JulianoPK10 (5599 in chips, $5 bounty) 
Seat 6: welben23 (10283 in chips, $7.50 bounty) 
Seat 7: Rapa velhos (4383 in chips, $5 bounty) 
Seat 8: mff1607 (10134 in chips, $7.50 bounty) 
Gabrielfs13: posts the ante 40
Gripen76: posts the ante 40
RAPID423: posts the ante 40
JulianoPK10: posts the ante 40
welben23: posts the ante 40
Rapa velhos: posts the ante 40
mff1607: posts the ante 40
mff1607: posts small blind 150
Gabrielfs13: posts big blind 300
*** HOLE CARDS ***
Dealt to Gabrielfs13 [4h 5d]
Gripen76: folds 
RAPID423: calls 300
JulianoPK10: raises 600 to 900
welben23: folds 
Rapa velhos: raises 3443 to 4343 and is all-in
mff1607: folds 
Gabrielfs13: folds 
RAPID423: calls 4043
JulianoPK10: raises 1216 to 5559 and is all-in
RAPID423: calls 1216
*** FLOP *** [Kc 9s Js]
*** TURN *** [Kc 9s Js] [Ts]
Mumtum23 is disconnected 
*** RIVER *** [Kc 9s Js Ts] [8d]
*** SHOW DOWN ***
RAPID423: shows [3h 2d] (high card King)
JulianoPK10: shows [Ks Kd] (three of a kind, Kings)
JulianoPK10 collected 2432 from side pot
Rapa velhos: shows [Ad Ah] (a pair of Aces)
JulianoPK10 collected 13759 from main pot
JulianoPK10 wins $2.50 for eliminating Rapa velhos and their own bounty increases by $2.50 to $7.50
Rapa velhos finished the tournament
*** SUMMARY ***
Total pot 16191 Main pot 13759. Side pot 2432. | Rake 0 
Board [Kc 9s Js Ts 8d]
Seat 1: Gabrielfs13 (big blind) folded before Flop
Seat 3: Gripen76 folded before Flop (didn't bet)
Seat 4: RAPID423 showed [3h 2d] and lost with high card King
Seat 5: JulianoPK10 showed [Ks Kd] and won (16191) with three of a kind, Kings
Seat 6: welben23 folded before Flop (didn't bet)
Seat 7: Rapa velhos (button) showed [Ad Ah] and lost with a pair of Aces
Seat 8: mff1607 (small blind) folded before Flop



PokerStars Hand #257085449839: Tournament #3911958623, $4.80+$5.00+$1.20 USD Hold'em No Limit - Level XI (150/300) - 2025/07/25 15:12:52 BRT [2025/07/25 14:12:52 ET]
Table '3911958623 39' 8-max Seat #8 is the button
Seat 1: Gabrielfs13 (6375 in chips, $5 bounty) 
Seat 2: Mumtum23 (4732 in chips, $7.50 bounty) 
Seat 3: Gripen76 (7795 in chips, $5 bounty) 
Seat 4: RAPID423 (13461 in chips, $12.50 bounty) 
Seat 5: JulianoPK10 (16191 in chips, $7.50 bounty) 
Seat 6: welben23 (10243 in chips, $7.50 bounty) 
Seat 8: mff1607 (9944 in chips, $7.50 bounty) 
Gabrielfs13: posts the ante 40
Mumtum23: posts the ante 40
Gripen76: posts the ante 40
RAPID423: posts the ante 40
JulianoPK10: posts the ante 40
welben23: posts the ante 40
mff1607: posts the ante 40
Gabrielfs13: posts small blind 150
Mumtum23: posts big blind 300
*** HOLE CARDS ***
Dealt to Gabrielfs13 [2c 7h]
Gripen76: folds 
RAPID423: calls 300
JulianoPK10: folds 
welben23: folds 
mff1607: folds 
Gabrielfs13: folds 
Mumtum23: checks 
*** FLOP *** [Ts Jc Qc]
Mumtum23: checks 
RAPID423: bets 300
Mumtum23: calls 300
*** TURN *** [Ts Jc Qc] [5c]
Mumtum23: checks 
RAPID423: bets 300
Mumtum23: raises 1500 to 1800
RAPID423: folds 
Uncalled bet (1500) returned to Mumtum23
Mumtum23 collected 2230 from pot
Mumtum23: doesn't show hand 
*** SUMMARY ***
Total pot 2230 | Rake 0 
Board [Ts Jc Qc 5c]
Seat 1: Gabrielfs13 (small blind) folded before Flop
Seat 2: Mumtum23 (big blind) collected (2230)
Seat 3: Gripen76 folded before Flop (didn't bet)
Seat 4: RAPID423 folded on the Turn
Seat 5: JulianoPK10 folded before Flop (didn't bet)
Seat 6: welben23 folded before Flop (didn't bet)
Seat 8: mff1607 (button) folded before Flop (didn't bet)



PokerStars Hand #257085463809: Tournament #3911958623, $4.80+$5.00+$1.20 USD Hold'em No Limit - Level XI (150/300) - 2025/07/25 15:14:01 BRT [2025/07/25 14:14:01 ET]
Table '3911958623 39' 8-max Seat #1 is the button
Seat 1: Gabrielfs13 (6185 in chips, $5 bounty) 
Seat 2: Mumtum23 (6022 in chips, $7.50 bounty) 
Seat 3: Gripen76 (7755 in chips, $5 bounty) 
Seat 4: RAPID423 (12521 in chips, $12.50 bounty) 
Seat 5: JulianoPK10 (16151 in chips, $7.50 bounty) 
Seat 6: welben23 (10203 in chips, $7.50 bounty) 
Seat 8: mff1607 (9904 in chips, $7.50 bounty) 
Gabrielfs13: posts the ante 40
Mumtum23: posts the ante 40
Gripen76: posts the ante 40
RAPID423: posts the ante 40
JulianoPK10: posts the ante 40
welben23: posts the ante 40
mff1607: posts the ante 40
Mumtum23: posts small blind 150
Gripen76: posts big blind 300
*** HOLE CARDS ***
Dealt to Gabrielfs13 [Qs Kc]
RAPID423: calls 300
JulianoPK10: folds 
welben23: folds 
mff1607: folds 
Gabrielfs13: raises 600 to 900
Mumtum23: raises 5082 to 5982 and is all-in
Gripen76: folds 
RAPID423: calls 5682
Gabrielfs13: raises 163 to 6145 and is all-in
RAPID423: calls 163
*** FLOP *** [6s 8h 3h]
*** TURN *** [6s 8h 3h] [9c]
*** RIVER *** [6s 8h 3h 9c] [5c]
*** SHOW DOWN ***
RAPID423: shows [4c Jc] (high card Jack)
Gabrielfs13: shows [Qs Kc] (high card King)
Gabrielfs13 collected 326 from side pot
Mumtum23: shows [Tc Th] (a pair of Tens)
Mumtum23 collected 18526 from main pot
*** SUMMARY ***
Total pot 18852 Main pot 18526. Side pot 326. | Rake 0 
Board [6s 8h 3h 9c 5c]
Seat 1: Gabrielfs13 (button) showed [Qs Kc] and won (326) with high card King
Seat 2: Mumtum23 (small blind) showed [Tc Th] and won (18526) with a pair of Tens
Seat 3: Gripen76 (big blind) folded before Flop
Seat 4: RAPID423 showed [4c Jc] and lost with high card Jack
Seat 5: JulianoPK10 folded before Flop (didn't bet)
Seat 6: welben23 folded before Flop (didn't bet)
Seat 8: mff1607 folded before Flop (didn't bet)



PokerStars Hand #257085472468: Tournament #3911958623, $4.80+$5.00+$1.20 USD Hold'em No Limit - Level XI (150/300) - 2025/07/25 15:14:44 BRT [2025/07/25 14:14:44 ET]
Table '3911958623 39' 8-max Seat #2 is the button
Seat 1: Gabrielfs13 (326 in chips, $5 bounty) 
Seat 2: Mumtum23 (18526 in chips, $7.50 bounty) 
Seat 3: Gripen76 (7415 in chips, $5 bounty) 
Seat 4: RAPID423 (6336 in chips, $12.50 bounty) 
Seat 5: JulianoPK10 (16111 in chips, $7.50 bounty) 
Seat 6: welben23 (10163 in chips, $7.50 bounty) 
Seat 8: mff1607 (9864 in chips, $7.50 bounty) 
Gabrielfs13: posts the ante 40
Mumtum23: posts the ante 40
Gripen76: posts the ante 40
RAPID423: posts the ante 40
JulianoPK10: posts the ante 40
welben23: posts the ante 40
mff1607: posts the ante 40
Gripen76: posts small blind 150
RAPID423: posts big blind 300
*** HOLE CARDS ***
Dealt to Gabrielfs13 [9h 7d]
JulianoPK10: raises 300 to 600
welben23: folds 
mff1607: folds 
Gabrielfs13: folds 
Mumtum23: folds 
Gripen76: folds 
RAPID423: calls 300
*** FLOP *** [Jd Tc Ts]
RAPID423: checks 
JulianoPK10: bets 450
RAPID423: calls 450
*** TURN *** [Jd Tc Ts] [6s]
RAPID423: checks 
JulianoPK10: checks 
*** RIVER *** [Jd Tc Ts 6s] [9s]
RAPID423: checks 
JulianoPK10: checks 
*** SHOW DOWN ***
RAPID423: shows [8c 7c] (a straight, Seven to Jack)
ApmapTadap is disconnected 
JulianoPK10: mucks hand 
RAPID423 collected 2530 from pot
*** SUMMARY ***
Total pot 2530 | Rake 0 
Board [Jd Tc Ts 6s 9s]
Seat 1: Gabrielfs13 folded before Flop (didn't bet)
Seat 2: Mumtum23 (button) folded before Flop (didn't bet)
Seat 3: Gripen76 (small blind) folded before Flop
Seat 4: RAPID423 (big blind) showed [8c 7c] and won (2530) with a straight, Seven to Jack
Seat 5: JulianoPK10 mucked [5s 5c]
Seat 6: welben23 folded before Flop (didn't bet)
Seat 8: mff1607 folded before Flop (didn't bet)



PokerStars Hand #257085487557: Tournament #3911958623, $4.80+$5.00+$1.20 USD Hold'em No Limit - Level XI (150/300) - 2025/07/25 15:15:59 BRT [2025/07/25 14:15:59 ET]
Table '3911958623 39' 8-max Seat #3 is the button
Seat 1: Gabrielfs13 (286 in chips, $5 bounty) 
Seat 2: Mumtum23 (18486 in chips, $7.50 bounty) 
Seat 3: Gripen76 (7225 in chips, $5 bounty) 
Seat 4: RAPID423 (7776 in chips, $12.50 bounty) 
Seat 5: JulianoPK10 (15021 in chips, $7.50 bounty) 
Seat 6: welben23 (10123 in chips, $7.50 bounty) 
Seat 7: ApmapTadap (2710 in chips, $5 bounty) 
Seat 8: mff1607 (9824 in chips, $7.50 bounty) 
Gabrielfs13: posts the ante 40
Mumtum23: posts the ante 40
Gripen76: posts the ante 40
RAPID423: posts the ante 40
JulianoPK10: posts the ante 40
welben23: posts the ante 40
ApmapTadap: posts the ante 40
mff1607: posts the ante 40
RAPID423: posts small blind 150
JulianoPK10: posts big blind 300
*** HOLE CARDS ***
Dealt to Gabrielfs13 [As Js]
welben23: raises 300 to 600
ApmapTadap: raises 2070 to 2670 and is all-in
mff1607: folds 
Gabrielfs13: calls 246 and is all-in
Mumtum23: folds 
Gripen76: raises 4515 to 7185 and is all-in
RAPID423: calls 7035
JulianoPK10: folds 
welben23: raises 2898 to 10083 and is all-in
RAPID423: calls 551 and is all-in
Uncalled bet (2347) returned to welben23
*** FLOP *** [Td 2s 6h]
*** TURN *** [Td 2s 6h] [7c]
*** RIVER *** [Td 2s 6h 7c] [Ah]
*** SHOW DOWN ***
RAPID423: shows [5c 8s] (high card Ace)
welben23: shows [Tc 9h] (a pair of Tens)
welben23 collected 1102 from side pot-3 
Gripen76: shows [7h 7s] (three of a kind, Sevens)
Gripen76 collected 13545 from side pot-2 
ApmapTadap: shows [Qc Qs] (a pair of Queens)
Gripen76 collected 9750 from side pot-1 
Gabrielfs13: shows [As Js] (a pair of Aces)
Gripen76 collected 1796 from main pot
Gripen76 wins $2.50 for eliminating Gabrielfs13 and their own bounty increases by $2.50 to $7.50
welben23 wins $6.25 for eliminating RAPID423 and their own bounty increases by $6.25 to $13.75
Gripen76 wins $2.50 for eliminating ApmapTadap and their own bounty increases by $2.50 to $10
RAPID423 finished the tournament in 297th place
ApmapTadap finished the tournament in 298th place
Gabrielfs13 finished the tournament in 299th place
*** SUMMARY ***
Total pot 26193 Main pot 1796. Side pot-1 9750. Side pot-2 13545. Side pot-3 1102. | Rake 0 
Board [Td 2s 6h 7c Ah]
Seat 1: Gabrielfs13 showed [As Js] and lost with a pair of Aces
Seat 2: Mumtum23 folded before Flop (didn't bet)
Seat 3: Gripen76 (button) showed [7h 7s] and won (25091) with three of a kind, Sevens
Seat 4: RAPID423 (small blind) showed [5c 8s] and lost with high card Ace
Seat 5: JulianoPK10 (big blind) folded before Flop
Seat 6: welben23 showed [Tc 9h] and won (1102) with a pair of Tens
Seat 7: ApmapTadap showed [Qc Qs] and lost with a pair of Queens
Seat 8: mff1607 folded before Flop (didn't bet)



