PokerStars Hand #257341610703: Tournament #3918385314, $3.92+$0.48 USD Hold'em No Limit - Level X (125/250) - 2025/08/14 15:10:15 BRT [2025/08/14 14:10:15 ET]
Table '3918385314 17' 8-max Seat #2 is the button
Seat 1: Boots FWAW (6425 in chips) 
Seat 2: igs_jr (4565 in chips) 
Seat 3: edgarvdp10 (3541 in chips) 
Seat 4: OutsideHuman (8785 in chips) 
Seat 5: pelelek (16350 in chips) 
Seat 6: zagoAK (4131 in chips) 
Seat 7: Gabrielfs13 (5000 in chips) 
Seat 8: xxac (11424 in chips) 
Boots FWAW: posts the ante 30
igs_jr: posts the ante 30
edgarvdp10: posts the ante 30
OutsideHuman: posts the ante 30
pelelek: posts the ante 30
zagoAK: posts the ante 30
Gabrielfs13: posts the ante 30
xxac: posts the ante 30
edgarvdp10: posts small blind 125
OutsideHuman: posts big blind 250
*** HOLE CARDS ***
Dealt to Gabrielfs13 [8h Jh]
pelelek: folds 
zagoAK: raises 250 to 500
Gabrielfs13: folds 
xxac: folds 
Boots FWAW: calls 500
igs_jr: folds 
edgarvdp10: raises 3011 to 3511 and is all-in
OutsideHuman: folds 
zagoAK: folds 
Boots FWAW: folds 
Uncalled bet (3011) returned to edgarvdp10
edgarvdp10 collected 1990 from pot
edgarvdp10: doesn't show hand 
*** SUMMARY ***
Total pot 1990 | Rake 0 
Seat 1: Boots FWAW folded before Flop
Seat 2: igs_jr (button) folded before Flop (didn't bet)
Seat 3: edgarvdp10 (small blind) collected (1990)
Seat 4: OutsideHuman (big blind) folded before Flop
Seat 5: pelelek folded before Flop (didn't bet)
Seat 6: zagoAK folded before Flop
Seat 7: Gabrielfs13 folded before Flop (didn't bet)
Seat 8: xxac folded before Flop (didn't bet)



PokerStars Hand #257341621137: Tournament #3918385314, $3.92+$0.48 USD Hold'em No Limit - Level XI (150/300) - 2025/08/14 15:11:06 BRT [2025/08/14 14:11:06 ET]
Table '3918385314 17' 8-max Seat #3 is the button
Seat 1: Boots FWAW (5895 in chips) 
Seat 2: igs_jr (4535 in chips) 
Seat 3: edgarvdp10 (5001 in chips) 
Seat 4: OutsideHuman (8505 in chips) 
Seat 5: pelelek (16320 in chips) 
Seat 6: zagoAK (3601 in chips) 
Seat 7: Gabrielfs13 (4970 in chips) 
Seat 8: xxac (11394 in chips) 
Boots FWAW: posts the ante 40
igs_jr: posts the ante 40
edgarvdp10: posts the ante 40
OutsideHuman: posts the ante 40
pelelek: posts the ante 40
zagoAK: posts the ante 40
Gabrielfs13: posts the ante 40
xxac: posts the ante 40
OutsideHuman: posts small blind 150
pelelek: posts big blind 300
*** HOLE CARDS ***
Dealt to Gabrielfs13 [2h Td]
zagoAK: folds 
Gabrielfs13: folds 
xxac: folds 
Boots FWAW: raises 1070 to 1370
igs_jr: folds 
edgarvdp10: folds 
OutsideHuman: folds 
pelelek: calls 1070
*** FLOP *** [7h 4d 2c]
pelelek: checks 
Boots FWAW: checks 
*** TURN *** [7h 4d 2c] [Jh]
pelelek: checks 
Boots FWAW: checks 
*** RIVER *** [7h 4d 2c Jh] [5c]
pelelek: checks 
Boots FWAW: bets 300
pelelek: raises 600 to 900
Boots FWAW: calls 600
*** SHOW DOWN ***
pelelek: shows [Ah 8h] (high card Ace)
Boots FWAW: shows [Kh As] (high card Ace - King kicker)
Boots FWAW collected 5010 from pot
*** SUMMARY ***
Total pot 5010 | Rake 0 
Board [7h 4d 2c Jh 5c]
Seat 1: Boots FWAW showed [Kh As] and won (5010) with high card Ace
Seat 2: igs_jr folded before Flop (didn't bet)
Seat 3: edgarvdp10 (button) folded before Flop (didn't bet)
Seat 4: OutsideHuman (small blind) folded before Flop
Seat 5: pelelek (big blind) showed [Ah 8h] and lost with high card Ace
Seat 6: zagoAK folded before Flop (didn't bet)
Seat 7: Gabrielfs13 folded before Flop (didn't bet)
Seat 8: xxac folded before Flop (didn't bet)



PokerStars Hand #257341628995: Tournament #3918385314, $3.92+$0.48 USD Hold'em No Limit - Level XI (150/300) - 2025/08/14 15:11:45 BRT [2025/08/14 14:11:45 ET]
Table '3918385314 17' 8-max Seat #4 is the button
Seat 1: Boots FWAW (8595 in chips) 
Seat 2: igs_jr (4495 in chips) 
Seat 3: edgarvdp10 (4961 in chips) 
Seat 4: OutsideHuman (8315 in chips) 
Seat 5: pelelek (14010 in chips) 
Seat 6: zagoAK (3561 in chips) 
Seat 7: Gabrielfs13 (4930 in chips) 
Seat 8: xxac (11354 in chips) 
Boots FWAW: posts the ante 40
igs_jr: posts the ante 40
edgarvdp10: posts the ante 40
OutsideHuman: posts the ante 40
pelelek: posts the ante 40
zagoAK: posts the ante 40
Gabrielfs13: posts the ante 40
xxac: posts the ante 40
pelelek: posts small blind 150
zagoAK: posts big blind 300
*** HOLE CARDS ***
Dealt to Gabrielfs13 [Qs 9s]
Gabrielfs13: raises 300 to 600
xxac: folds 
Boots FWAW: folds 
igs_jr: folds 
edgarvdp10: folds 
OutsideHuman: folds 
pelelek: calls 450
zagoAK: calls 300
*** FLOP *** [7d 4d 5h]
pelelek: checks 
zagoAK: bets 2921 and is all-in
Gabrielfs13: folds 
pelelek: folds 
Uncalled bet (2921) returned to zagoAK
zagoAK collected 2120 from pot
zagoAK: doesn't show hand 
*** SUMMARY ***
Total pot 2120 | Rake 0 
Board [7d 4d 5h]
Seat 1: Boots FWAW folded before Flop (didn't bet)
Seat 2: igs_jr folded before Flop (didn't bet)
Seat 3: edgarvdp10 folded before Flop (didn't bet)
Seat 4: OutsideHuman (button) folded before Flop (didn't bet)
Seat 5: pelelek (small blind) folded on the Flop
Seat 6: zagoAK (big blind) collected (2120)
Seat 7: Gabrielfs13 folded on the Flop
Seat 8: xxac folded before Flop (didn't bet)



PokerStars Hand #257341636189: Tournament #3918385314, $3.92+$0.48 USD Hold'em No Limit - Level XI (150/300) - 2025/08/14 15:12:21 BRT [2025/08/14 14:12:21 ET]
Table '3918385314 17' 8-max Seat #5 is the button
Seat 1: Boots FWAW (8555 in chips) 
Seat 2: igs_jr (4455 in chips) 
Seat 3: edgarvdp10 (4921 in chips) 
Seat 4: OutsideHuman (8275 in chips) 
Seat 5: pelelek (13370 in chips) 
Seat 6: zagoAK (5041 in chips) 
Seat 7: Gabrielfs13 (4290 in chips) 
Seat 8: xxac (11314 in chips) 
Boots FWAW: posts the ante 40
igs_jr: posts the ante 40
edgarvdp10: posts the ante 40
OutsideHuman: posts the ante 40
pelelek: posts the ante 40
zagoAK: posts the ante 40
Gabrielfs13: posts the ante 40
xxac: posts the ante 40
zagoAK: posts small blind 150
Gabrielfs13: posts big blind 300
*** HOLE CARDS ***
Dealt to Gabrielfs13 [Kd 7s]
xxac: folds 
Boots FWAW: calls 300
igs_jr: folds 
edgarvdp10: folds 
OutsideHuman: raises 750 to 1050
pelelek: folds 
zagoAK: raises 3951 to 5001 and is all-in
Gabrielfs13: folds 
Boots FWAW: folds 
OutsideHuman: calls 3951
*** FLOP *** [Kh 5c Jd]
*** TURN *** [Kh 5c Jd] [6h]
*** RIVER *** [Kh 5c Jd 6h] [2h]
*** SHOW DOWN ***
zagoAK: shows [As Js] (a pair of Jacks)
OutsideHuman: shows [Ac Ts] (high card Ace)
zagoAK collected 10922 from pot
*** SUMMARY ***
Total pot 10922 | Rake 0 
Board [Kh 5c Jd 6h 2h]
Seat 1: Boots FWAW folded before Flop
Seat 2: igs_jr folded before Flop (didn't bet)
Seat 3: edgarvdp10 folded before Flop (didn't bet)
Seat 4: OutsideHuman showed [Ac Ts] and lost with high card Ace
Seat 5: pelelek (button) folded before Flop (didn't bet)
Seat 6: zagoAK (small blind) showed [As Js] and won (10922) with a pair of Jacks
Seat 7: Gabrielfs13 (big blind) folded before Flop
Seat 8: xxac folded before Flop (didn't bet)



PokerStars Hand #257341649240: Tournament #3918385314, $3.92+$0.48 USD Hold'em No Limit - Level XI (150/300) - 2025/08/14 15:13:27 BRT [2025/08/14 14:13:27 ET]
Table '3918385314 17' 8-max Seat #6 is the button
Seat 1: Boots FWAW (8215 in chips) 
Seat 2: igs_jr (4415 in chips) 
Seat 3: edgarvdp10 (4881 in chips) 
Seat 4: OutsideHuman (3234 in chips) 
Seat 5: pelelek (13330 in chips) 
Seat 6: zagoAK (10922 in chips) 
Seat 7: Gabrielfs13 (3950 in chips) 
Seat 8: xxac (11274 in chips) 
Boots FWAW: posts the ante 40
igs_jr: posts the ante 40
edgarvdp10: posts the ante 40
OutsideHuman: posts the ante 40
pelelek: posts the ante 40
zagoAK: posts the ante 40
Gabrielfs13: posts the ante 40
xxac: posts the ante 40
Gabrielfs13: posts small blind 150
xxac: posts big blind 300
*** HOLE CARDS ***
Dealt to Gabrielfs13 [4c 4h]
Boots FWAW: calls 300
igs_jr: folds 
edgarvdp10: folds 
OutsideHuman: folds 
pelelek: folds 
zagoAK: folds 
Gabrielfs13: raises 3610 to 3910 and is all-in
xxac: folds 
Boots FWAW: folds 
Uncalled bet (3610) returned to Gabrielfs13
Gabrielfs13 collected 1220 from pot
Gabrielfs13: doesn't show hand 
*** SUMMARY ***
Total pot 1220 | Rake 0 
Seat 1: Boots FWAW folded before Flop
Seat 2: igs_jr folded before Flop (didn't bet)
Seat 3: edgarvdp10 folded before Flop (didn't bet)
Seat 4: OutsideHuman folded before Flop (didn't bet)
Seat 5: pelelek folded before Flop (didn't bet)
Seat 6: zagoAK (button) folded before Flop (didn't bet)
Seat 7: Gabrielfs13 (small blind) collected (1220)
Seat 8: xxac (big blind) folded before Flop



PokerStars Hand #257341659907: Tournament #3918385314, $3.92+$0.48 USD Hold'em No Limit - Level XI (150/300) - 2025/08/14 15:14:21 BRT [2025/08/14 14:14:21 ET]
Table '3918385314 17' 8-max Seat #7 is the button
Seat 1: Boots FWAW (7875 in chips) 
Seat 2: igs_jr (4375 in chips) 
Seat 3: edgarvdp10 (4841 in chips) 
Seat 4: OutsideHuman (3194 in chips) 
Seat 5: pelelek (13290 in chips) 
Seat 6: zagoAK (10882 in chips) 
Seat 7: Gabrielfs13 (4830 in chips) 
Seat 8: xxac (10934 in chips) 
Boots FWAW: posts the ante 40
igs_jr: posts the ante 40
edgarvdp10: posts the ante 40
OutsideHuman: posts the ante 40
pelelek: posts the ante 40
zagoAK: posts the ante 40
Gabrielfs13: posts the ante 40
xxac: posts the ante 40
xxac: posts small blind 150
Boots FWAW: posts big blind 300
*** HOLE CARDS ***
Dealt to Gabrielfs13 [7h 8h]
igs_jr: folds 
edgarvdp10: folds 
OutsideHuman: folds 
pelelek: folds 
zagoAK: folds 
Gabrielfs13: raises 300 to 600
xxac: raises 10294 to 10894 and is all-in
Boots FWAW: folds 
Gabrielfs13: folds 
Uncalled bet (10294) returned to xxac
xxac collected 1820 from pot
xxac: doesn't show hand 
*** SUMMARY ***
Total pot 1820 | Rake 0 
Seat 1: Boots FWAW (big blind) folded before Flop
Seat 2: igs_jr folded before Flop (didn't bet)
Seat 3: edgarvdp10 folded before Flop (didn't bet)
Seat 4: OutsideHuman folded before Flop (didn't bet)
Seat 5: pelelek folded before Flop (didn't bet)
Seat 6: zagoAK folded before Flop (didn't bet)
Seat 7: Gabrielfs13 (button) folded before Flop
Seat 8: xxac (small blind) collected (1820)



PokerStars Hand #257341669246: Tournament #3918385314, $3.92+$0.48 USD Hold'em No Limit - Level XI (150/300) - 2025/08/14 15:15:07 BRT [2025/08/14 14:15:07 ET]
Table '3918385314 17' 8-max Seat #8 is the button
Seat 1: Boots FWAW (7535 in chips) 
Seat 2: igs_jr (4335 in chips) 
Seat 3: edgarvdp10 (4801 in chips) 
Seat 4: OutsideHuman (3154 in chips) 
Seat 5: pelelek (13250 in chips) 
Seat 6: zagoAK (10842 in chips) 
Seat 7: Gabrielfs13 (4190 in chips) 
Seat 8: xxac (12114 in chips) 
Boots FWAW: posts the ante 40
igs_jr: posts the ante 40
edgarvdp10: posts the ante 40
OutsideHuman: posts the ante 40
pelelek: posts the ante 40
zagoAK: posts the ante 40
Gabrielfs13: posts the ante 40
xxac: posts the ante 40
Boots FWAW: posts small blind 150
igs_jr: posts big blind 300
*** HOLE CARDS ***
Dealt to Gabrielfs13 [6c 3c]
edgarvdp10: folds 
OutsideHuman: raises 2814 to 3114 and is all-in
pelelek: calls 3114
zagoAK: folds 
Gabrielfs13: folds 
xxac: raises 8960 to 12074 and is all-in
Boots FWAW: folds 
igs_jr: folds 
pelelek: calls 8960
*** FLOP *** [2h 7d 8s]
*** TURN *** [2h 7d 8s] [4c]
*** RIVER *** [2h 7d 8s 4c] [5h]
*** SHOW DOWN ***
pelelek: shows [Ac Kc] (high card Ace)
xxac: shows [Ad Qd] (high card Ace - lower kicker)
pelelek collected 17920 from side pot
OutsideHuman: shows [9d 9c] (a pair of Nines)
OutsideHuman collected 10112 from main pot
xxac finished the tournament
*** SUMMARY ***
Total pot 28032 Main pot 10112. Side pot 17920. | Rake 0 
Board [2h 7d 8s 4c 5h]
Seat 1: Boots FWAW (small blind) folded before Flop
Seat 2: igs_jr (big blind) folded before Flop
Seat 3: edgarvdp10 folded before Flop (didn't bet)
Seat 4: OutsideHuman showed [9d 9c] and won (10112) with a pair of Nines
Seat 5: pelelek showed [Ac Kc] and won (17920) with high card Ace
Seat 6: zagoAK folded before Flop (didn't bet)
Seat 7: Gabrielfs13 folded before Flop (didn't bet)
Seat 8: xxac (button) showed [Ad Qd] and lost with high card Ace



PokerStars Hand #257341678015: Tournament #3918385314, $3.92+$0.48 USD Hold'em No Limit - Level XI (150/300) - 2025/08/14 15:15:51 BRT [2025/08/14 14:15:51 ET]
Table '3918385314 17' 8-max Seat #1 is the button
Seat 1: Boots FWAW (7345 in chips) 
Seat 2: igs_jr (3995 in chips) 
Seat 3: edgarvdp10 (4761 in chips) 
Seat 4: OutsideHuman (10112 in chips) 
Seat 5: pelelek (19056 in chips) 
Seat 6: zagoAK (10802 in chips) 
Seat 7: Gabrielfs13 (4150 in chips) 
Boots FWAW: posts the ante 40
igs_jr: posts the ante 40
edgarvdp10: posts the ante 40
OutsideHuman: posts the ante 40
pelelek: posts the ante 40
zagoAK: posts the ante 40
Gabrielfs13: posts the ante 40
igs_jr: posts small blind 150
edgarvdp10: posts big blind 300
*** HOLE CARDS ***
Dealt to Gabrielfs13 [Ad 7s]
OutsideHuman: folds 
pelelek: folds 
zagoAK: folds 
Gabrielfs13: raises 300 to 600
Boots FWAW: calls 600
igs_jr: raises 3355 to 3955 and is all-in
edgarvdp10: folds 
CryMeARiver369 is disconnected 
Gabrielfs13: folds 
Boots FWAW: calls 3355
*** FLOP *** [Ah 7h 4h]
*** TURN *** [Ah 7h 4h] [8c]
*** RIVER *** [Ah 7h 4h 8c] [8s]
*** SHOW DOWN ***
igs_jr: shows [9h Kh] (a flush, Ace high)
Boots FWAW: shows [Qd 8d] (three of a kind, Eights)
igs_jr collected 9090 from pot
*** SUMMARY ***
Total pot 9090 | Rake 0 
Board [Ah 7h 4h 8c 8s]
Seat 1: Boots FWAW (button) showed [Qd 8d] and lost with three of a kind, Eights
Seat 2: igs_jr (small blind) showed [9h Kh] and won (9090) with a flush, Ace high
Seat 3: edgarvdp10 (big blind) folded before Flop
Seat 4: OutsideHuman folded before Flop (didn't bet)
Seat 5: pelelek folded before Flop (didn't bet)
Seat 6: zagoAK folded before Flop (didn't bet)
Seat 7: Gabrielfs13 folded before Flop



PokerStars Hand #257341692026: Tournament #3918385314, $3.92+$0.48 USD Hold'em No Limit - Level XII (200/400) - 2025/08/14 15:17:00 BRT [2025/08/14 14:17:00 ET]
Table '3918385314 17' 8-max Seat #2 is the button
Seat 1: Boots FWAW (3350 in chips) 
Seat 2: igs_jr (9090 in chips) 
Seat 3: edgarvdp10 (4421 in chips) 
Seat 4: OutsideHuman (10072 in chips) 
Seat 5: pelelek (19016 in chips) 
Seat 6: zagoAK (10762 in chips) 
Seat 7: Gabrielfs13 (3510 in chips) 
Seat 8: CryMeARiver369 (2839 in chips) 
Boots FWAW: posts the ante 50
igs_jr: posts the ante 50
edgarvdp10: posts the ante 50
OutsideHuman: posts the ante 50
pelelek: posts the ante 50
zagoAK: posts the ante 50
Gabrielfs13: posts the ante 50
CryMeARiver369: posts the ante 50
edgarvdp10: posts small blind 200
OutsideHuman: posts big blind 400
*** HOLE CARDS ***
Dealt to Gabrielfs13 [Tc Kh]
pelelek: folds 
zagoAK: folds 
Gabrielfs13: raises 3060 to 3460 and is all-in
CryMeARiver369: folds 
Boots FWAW: calls 3300 and is all-in
igs_jr: folds 
edgarvdp10: folds 
OutsideHuman: folds 
Uncalled bet (160) returned to Gabrielfs13
*** FLOP *** [6s 2c 8h]
*** TURN *** [6s 2c 8h] [3h]
*** RIVER *** [6s 2c 8h 3h] [Kd]
*** SHOW DOWN ***
Gabrielfs13: shows [Tc Kh] (a pair of Kings)
Boots FWAW: shows [Qd Ks] (a pair of Kings - Queen kicker)
Boots FWAW collected 7600 from pot
*** SUMMARY ***
Total pot 7600 | Rake 0 
Board [6s 2c 8h 3h Kd]
Seat 1: Boots FWAW showed [Qd Ks] and won (7600) with a pair of Kings
Seat 2: igs_jr (button) folded before Flop (didn't bet)
Seat 3: edgarvdp10 (small blind) folded before Flop
Seat 4: OutsideHuman (big blind) folded before Flop
Seat 5: pelelek folded before Flop (didn't bet)
Seat 6: zagoAK folded before Flop (didn't bet)
Seat 7: Gabrielfs13 showed [Tc Kh] and lost with a pair of Kings
Seat 8: CryMeARiver369 folded before Flop (didn't bet)



PokerStars Hand #257341698475: Tournament #3918385314, $3.92+$0.48 USD Hold'em No Limit - Level XII (200/400) - 2025/08/14 15:17:31 BRT [2025/08/14 14:17:31 ET]
Table '3918385314 17' 8-max Seat #3 is the button
Seat 1: Boots FWAW (7600 in chips) 
Seat 2: igs_jr (9040 in chips) 
Seat 3: edgarvdp10 (4171 in chips) 
Seat 4: OutsideHuman (9622 in chips) 
Seat 5: pelelek (18966 in chips) 
Seat 6: zagoAK (10712 in chips) 
Seat 7: Gabrielfs13 (160 in chips) 
Seat 8: CryMeARiver369 (2789 in chips) 
Boots FWAW: posts the ante 50
igs_jr: posts the ante 50
edgarvdp10: posts the ante 50
OutsideHuman: posts the ante 50
pelelek: posts the ante 50
zagoAK: posts the ante 50
Gabrielfs13: posts the ante 50
CryMeARiver369: posts the ante 50
OutsideHuman: posts small blind 200
pelelek: posts big blind 400
*** HOLE CARDS ***
Dealt to Gabrielfs13 [2s 4c]
zagoAK: folds 
Gabrielfs13: folds 
CryMeARiver369: raises 2339 to 2739 and is all-in
Boots FWAW: calls 2739
igs_jr: folds 
edgarvdp10: folds 
OutsideHuman: folds 
pelelek: folds 
*** FLOP *** [Ks Ad 4h]
*** TURN *** [Ks Ad 4h] [9s]
*** RIVER *** [Ks Ad 4h 9s] [3d]
*** SHOW DOWN ***
CryMeARiver369: shows [6s 6c] (a pair of Sixes)
Boots FWAW: shows [Ah 2c] (a pair of Aces)
Boots FWAW collected 6478 from pot
CryMeARiver369 finished the tournament in 219th place
*** SUMMARY ***
Total pot 6478 | Rake 0 
Board [Ks Ad 4h 9s 3d]
Seat 1: Boots FWAW showed [Ah 2c] and won (6478) with a pair of Aces
Seat 2: igs_jr folded before Flop (didn't bet)
Seat 3: edgarvdp10 (button) folded before Flop (didn't bet)
Seat 4: OutsideHuman (small blind) folded before Flop
Seat 5: pelelek (big blind) folded before Flop
Seat 6: zagoAK folded before Flop (didn't bet)
Seat 7: Gabrielfs13 folded before Flop (didn't bet)
Seat 8: CryMeARiver369 showed [6s 6c] and lost with a pair of Sixes



PokerStars Hand #257341708686: Tournament #3918385314, $3.92+$0.48 USD Hold'em No Limit - Level XII (200/400) - 2025/08/14 15:18:22 BRT [2025/08/14 14:18:22 ET]
Table '3918385314 17' 8-max Seat #4 is the button
Seat 1: Boots FWAW (11289 in chips) 
Seat 2: igs_jr (8990 in chips) 
Seat 3: edgarvdp10 (4121 in chips) 
Seat 4: OutsideHuman (9372 in chips) 
Seat 5: pelelek (18516 in chips) 
Seat 6: zagoAK (10662 in chips) 
Seat 7: Gabrielfs13 (110 in chips) 
Boots FWAW: posts the ante 50
igs_jr: posts the ante 50
edgarvdp10: posts the ante 50
OutsideHuman: posts the ante 50
pelelek: posts the ante 50
zagoAK: posts the ante 50
Gabrielfs13: posts the ante 50
pelelek: posts small blind 200
zagoAK: posts big blind 400
*** HOLE CARDS ***
Dealt to Gabrielfs13 [Kh 9s]
Gabrielfs13: calls 60 and is all-in
Boots FWAW: calls 400
igs_jr: folds 
edgarvdp10: folds 
OutsideHuman: folds 
Nikolov95 is disconnected 
pelelek: folds 
zagoAK: raises 10212 to 10612 and is all-in
Boots FWAW: folds 
Uncalled bet (10212) returned to zagoAK
*** FLOP *** [Jd Kc 5h]
*** TURN *** [Jd Kc 5h] [Ts]
*** RIVER *** [Jd Kc 5h Ts] [9c]
*** SHOW DOWN ***
zagoAK: shows [8h 8s] (a pair of Eights)
zagoAK collected 820 from side pot
Gabrielfs13: shows [Kh 9s] (two pair, Kings and Nines)
Gabrielfs13 collected 590 from main pot
*** SUMMARY ***
Total pot 1410 Main pot 590. Side pot 820. | Rake 0 
Board [Jd Kc 5h Ts 9c]
Seat 1: Boots FWAW folded before Flop
Seat 2: igs_jr folded before Flop (didn't bet)
Seat 3: edgarvdp10 folded before Flop (didn't bet)
Seat 4: OutsideHuman (button) folded before Flop (didn't bet)
Seat 5: pelelek (small blind) folded before Flop
Seat 6: zagoAK (big blind) showed [8h 8s] and won (820) with a pair of Eights
Seat 7: Gabrielfs13 showed [Kh 9s] and won (590) with two pair, Kings and Nines



PokerStars Hand #257341718360: Tournament #3918385314, $3.92+$0.48 USD Hold'em No Limit - Level XII (200/400) - 2025/08/14 15:19:09 BRT [2025/08/14 14:19:09 ET]
Table '3918385314 17' 8-max Seat #5 is the button
Seat 1: Boots FWAW (10839 in chips) 
Seat 2: igs_jr (8940 in chips) 
Seat 3: edgarvdp10 (4071 in chips) 
Seat 4: OutsideHuman (9322 in chips) 
Seat 5: pelelek (18266 in chips) 
Seat 6: zagoAK (11032 in chips) 
Seat 7: Gabrielfs13 (590 in chips) 
Seat 8: Nikolov95 (13209 in chips) 
Boots FWAW: posts the ante 50
igs_jr: posts the ante 50
edgarvdp10: posts the ante 50
OutsideHuman: posts the ante 50
pelelek: posts the ante 50
zagoAK: posts the ante 50
Gabrielfs13: posts the ante 50
Nikolov95: posts the ante 50
zagoAK: posts small blind 200
Gabrielfs13: posts big blind 400
*** HOLE CARDS ***
Dealt to Gabrielfs13 [6h Ah]
Nikolov95: folds 
Boots FWAW: calls 400
igs_jr: folds 
edgarvdp10: raises 3621 to 4021 and is all-in
OutsideHuman: folds 
pelelek: folds 
zagoAK: folds 
Gabrielfs13: calls 140 and is all-in
Boots FWAW has timed out
Boots FWAW: folds 
Boots FWAW is sitting out
Uncalled bet (3481) returned to edgarvdp10
Boots FWAW has returned
*** FLOP *** [9d 2h Kh]
*** TURN *** [9d 2h Kh] [7s]
*** RIVER *** [9d 2h Kh 7s] [5s]
*** SHOW DOWN ***
Gabrielfs13: shows [6h Ah] (high card Ace)
edgarvdp10: shows [As Kc] (a pair of Kings)
edgarvdp10 collected 2080 from pot
Gabrielfs13 finished the tournament in 197th place
*** SUMMARY ***
Total pot 2080 | Rake 0 
Board [9d 2h Kh 7s 5s]
Seat 1: Boots FWAW folded before Flop
Seat 2: igs_jr folded before Flop (didn't bet)
Seat 3: edgarvdp10 showed [As Kc] and won (2080) with a pair of Kings
Seat 4: OutsideHuman folded before Flop (didn't bet)
Seat 5: pelelek (button) folded before Flop (didn't bet)
Seat 6: zagoAK (small blind) folded before Flop
Seat 7: Gabrielfs13 (big blind) showed [6h Ah] and lost with high card Ace
Seat 8: Nikolov95 folded before Flop (didn't bet)



