PokerStars Hand #257302773498: Tournament #3917828153, $1.44+$1.50+$0.36 USD Hold'em No Limit - Level I (50/100) - 2025/08/11 14:11:29 BRT [2025/08/11 13:11:29 ET]
Table '3917828153 2' 8-max Seat #1 is the button
Seat 1: George2801 (5000 in chips, $1.50 bounty) 
Seat 2: tzosfe (5000 in chips, $1.50 bounty) 
Seat 3: mirrcha (5000 in chips, $1.50 bounty) 
Seat 4: pescadorbh (5000 in chips, $1.50 bounty) 
Seat 5: sKAro1201 (5000 in chips, $1.50 bounty) 
Seat 6: Gabrielfs13 (5000 in chips, $1.50 bounty) 
Seat 7: LeMorris77 (5000 in chips, $1.50 bounty) 
Seat 8: iceegg77 (5000 in chips, $1.50 bounty) 
George2801: posts the ante 15
tzosfe: posts the ante 15
mirrcha: posts the ante 15
pescadorbh: posts the ante 15
sKAro1201: posts the ante 15
Gabrielfs13: posts the ante 15
LeMorris77: posts the ante 15
iceegg77: posts the ante 15
tzosfe: posts small blind 50
mirrcha: posts big blind 100
*** HOLE CARDS ***
Dealt to Gabrielfs13 [Jd 7h]
pescadorbh: folds 
sKAro1201: raises 100 to 200
Gabrielfs13: folds 
LeMorris77: folds 
iceegg77: folds 
George2801: calls 200
tzosfe: folds 
mirrcha: folds 
*** FLOP *** [Qs 3s Kc]
sKAro1201: bets 335
George2801: calls 335
*** TURN *** [Qs 3s Kc] [Js]
sKAro1201: checks 
George2801: checks 
*** RIVER *** [Qs 3s Kc Js] [Th]
sKAro1201: bets 670
George2801: raises 3780 to 4450 and is all-in
sKAro1201: calls 3780 and is all-in
*** SHOW DOWN ***
George2801: shows [9s As] (a flush, Ace high)
sKAro1201: shows [Ad Qd] (a straight, Ten to Ace)
George2801 collected 10240 from pot
George2801 wins $0.75 for eliminating sKAro1201 and their own bounty increases by $0.75 to $2.25
sKAro1201 finished the tournament
*** SUMMARY ***
Total pot 10240 | Rake 0 
Board [Qs 3s Kc Js Th]
Seat 1: George2801 (button) showed [9s As] and won (10240) with a flush, Ace high
Seat 2: tzosfe (small blind) folded before Flop
Seat 3: mirrcha (big blind) folded before Flop
Seat 4: pescadorbh folded before Flop (didn't bet)
Seat 5: sKAro1201 showed [Ad Qd] and lost with a straight, Ten to Ace
Seat 6: Gabrielfs13 folded before Flop (didn't bet)
Seat 7: LeMorris77 folded before Flop (didn't bet)
Seat 8: iceegg77 folded before Flop (didn't bet)



PokerStars Hand #257302788764: Tournament #3917828153, $1.44+$1.50+$0.36 USD Hold'em No Limit - Level I (50/100) - 2025/08/11 14:12:47 BRT [2025/08/11 13:12:47 ET]
Table '3917828153 2' 8-max Seat #2 is the button
Seat 1: George2801 (10240 in chips, $2.25 bounty) 
Seat 2: tzosfe (4935 in chips, $1.50 bounty) 
Seat 3: mirrcha (4885 in chips, $1.50 bounty) 
Seat 4: pescadorbh (4985 in chips, $1.50 bounty) 
Seat 6: Gabrielfs13 (4985 in chips, $1.50 bounty) 
Seat 7: LeMorris77 (4985 in chips, $1.50 bounty) 
Seat 8: iceegg77 (4985 in chips, $1.50 bounty) 
George2801: posts the ante 15
tzosfe: posts the ante 15
mirrcha: posts the ante 15
pescadorbh: posts the ante 15
Gabrielfs13: posts the ante 15
LeMorris77: posts the ante 15
iceegg77: posts the ante 15
mirrcha: posts small blind 50
pescadorbh: posts big blind 100
*** HOLE CARDS ***
Dealt to Gabrielfs13 [9c Ks]
Gabrielfs13: folds 
LeMorris77: folds 
iceegg77: folds 
George2801: folds 
tzosfe: folds 
mirrcha: calls 50
pescadorbh: checks 
*** FLOP *** [2s 2d 5d]
mirrcha: bets 100
pescadorbh: calls 100
*** TURN *** [2s 2d 5d] [Ad]
mirrcha: bets 200
pescadorbh: calls 200
*** RIVER *** [2s 2d 5d Ad] [Kh]
Tsogt29 is disconnected 
mirrcha: checks 
pescadorbh: checks 
*** SHOW DOWN ***
mirrcha: shows [Qs Qh] (two pair, Queens and Deuces)
pescadorbh: shows [Ac 4h] (two pair, Aces and Deuces)
pescadorbh collected 905 from pot
*** SUMMARY ***
Total pot 905 | Rake 0 
Board [2s 2d 5d Ad Kh]
Seat 1: George2801 folded before Flop (didn't bet)
Seat 2: tzosfe (button) folded before Flop (didn't bet)
Seat 3: mirrcha (small blind) showed [Qs Qh] and lost with two pair, Queens and Deuces
Seat 4: pescadorbh (big blind) showed [Ac 4h] and won (905) with two pair, Aces and Deuces
Seat 6: Gabrielfs13 folded before Flop (didn't bet)
Seat 7: LeMorris77 folded before Flop (didn't bet)
Seat 8: iceegg77 folded before Flop (didn't bet)



PokerStars Hand #257302801131: Tournament #3917828153, $1.44+$1.50+$0.36 USD Hold'em No Limit - Level I (50/100) - 2025/08/11 14:13:51 BRT [2025/08/11 13:13:51 ET]
Table '3917828153 9' 8-max Seat #1 is the button
Seat 1: mateinthree (4970 in chips, $1.50 bounty) 
Seat 2: caioirak (4970 in chips, $1.50 bounty) 
Seat 3: Gabrielfs13 (4970 in chips, $1.50 bounty) 
Seat 4: Olfreya (4955 in chips, $1.50 bounty) 
Seat 5: sKAro1201 (5000 in chips, $1.50 bounty) 
mateinthree: posts the ante 15
caioirak: posts the ante 15
Gabrielfs13: posts the ante 15
Olfreya: posts the ante 15
sKAro1201: posts the ante 15
caioirak: posts small blind 50
Gabrielfs13: posts big blind 100
*** HOLE CARDS ***
Dealt to Gabrielfs13 [Td Qc]
Olfreya is connected 
Olfreya is disconnected 
Olfreya is connected 
llodge is disconnected 
Olfreya: raises 100 to 200
sKAro1201: folds 
mateinthree: folds 
caioirak: folds 
Gabrielfs13: calls 100
*** FLOP *** [Ad 9s Kd]
Gabrielfs13: checks 
Olfreya: bets 200
Gabrielfs13: folds 
Uncalled bet (200) returned to Olfreya
Olfreya collected 525 from pot
Olfreya: doesn't show hand 
*** SUMMARY ***
Total pot 525 | Rake 0 
Board [Ad 9s Kd]
Seat 1: mateinthree (button) folded before Flop (didn't bet)
Seat 2: caioirak (small blind) folded before Flop
Seat 3: Gabrielfs13 (big blind) folded on the Flop
Seat 4: Olfreya collected (525)
Seat 5: sKAro1201 folded before Flop (didn't bet)



PokerStars Hand #257302812062: Tournament #3917828153, $1.44+$1.50+$0.36 USD Hold'em No Limit - Level I (50/100) - 2025/08/11 14:14:47 BRT [2025/08/11 13:14:47 ET]
Table '3917828153 9' 8-max Seat #2 is the button
Seat 1: mateinthree (4955 in chips, $1.50 bounty) 
Seat 2: caioirak (4905 in chips, $1.50 bounty) 
Seat 3: Gabrielfs13 (4755 in chips, $1.50 bounty) 
Seat 4: Olfreya (5265 in chips, $1.50 bounty) 
Seat 5: sKAro1201 (4985 in chips, $1.50 bounty) 
Seat 6: llodge (5000 in chips, $1.50 bounty) 
Seat 7: Vludin (5000 in chips, $1.50 bounty) 
Seat 8: Gazsi100 (5000 in chips, $1.50 bounty) 
mateinthree: posts the ante 15
caioirak: posts the ante 15
Gabrielfs13: posts the ante 15
Olfreya: posts the ante 15
sKAro1201: posts the ante 15
llodge: posts the ante 15
Vludin: posts the ante 15
Gazsi100: posts the ante 15
Gabrielfs13: posts small blind 50
Olfreya: posts big blind 100
*** HOLE CARDS ***
Dealt to Gabrielfs13 [6h 8h]
Vludin is disconnected 
sKAro1201: raises 100 to 200
llodge: folds 
Vludin: folds 
Gazsi100: folds 
mateinthree: calls 200
caioirak: raises 600 to 800
Gabrielfs13: folds 
Olfreya: folds 
sKAro1201: folds 
mateinthree: calls 600
*** FLOP *** [7d 3s Kc]
mateinthree: checks 
caioirak: bets 683
mateinthree: calls 683
*** TURN *** [7d 3s Kc] [4s]
mateinthree: checks 
caioirak: bets 3407 and is all-in
mateinthree: folds 
Uncalled bet (3407) returned to caioirak
caioirak collected 3436 from pot
*** SUMMARY ***
Total pot 3436 | Rake 0 
Board [7d 3s Kc 4s]
Seat 1: mateinthree folded on the Turn
Seat 2: caioirak (button) collected (3436)
Seat 3: Gabrielfs13 (small blind) folded before Flop
Seat 4: Olfreya (big blind) folded before Flop
Seat 5: sKAro1201 folded before Flop
Seat 6: llodge folded before Flop (didn't bet)
Seat 7: Vludin folded before Flop (didn't bet)
Seat 8: Gazsi100 folded before Flop (didn't bet)



PokerStars Hand #257302830032: Tournament #3917828153, $1.44+$1.50+$0.36 USD Hold'em No Limit - Level I (50/100) - 2025/08/11 14:16:18 BRT [2025/08/11 13:16:18 ET]
Table '3917828153 9' 8-max Seat #3 is the button
Seat 1: mateinthree (3457 in chips, $1.50 bounty) 
Seat 2: caioirak (6843 in chips, $1.50 bounty) 
Seat 3: Gabrielfs13 (4690 in chips, $1.50 bounty) 
Seat 4: Olfreya (5150 in chips, $1.50 bounty) 
Seat 5: sKAro1201 (4770 in chips, $1.50 bounty) 
Seat 6: llodge (4985 in chips, $1.50 bounty) 
Seat 7: Vludin (4985 in chips, $1.50 bounty) 
Seat 8: Gazsi100 (4985 in chips, $1.50 bounty) 
mateinthree: posts the ante 15
caioirak: posts the ante 15
Gabrielfs13: posts the ante 15
Olfreya: posts the ante 15
sKAro1201: posts the ante 15
llodge: posts the ante 15
Vludin: posts the ante 15
Gazsi100: posts the ante 15
Olfreya: posts small blind 50
sKAro1201: posts big blind 100
*** HOLE CARDS ***
Dealt to Gabrielfs13 [Td Qd]
llodge: calls 100
Vludin: folds 
Gazsi100: folds 
mateinthree: folds 
caioirak: folds 
Gabrielfs13: raises 200 to 300
Olfreya: folds 
sKAro1201: folds 
llodge: calls 200
*** FLOP *** [2c 4s 9s]
llodge: bets 435
Gabrielfs13: calls 435
*** TURN *** [2c 4s 9s] [Qs]
llodge: bets 4235 and is all-in
Gabrielfs13: calls 3940 and is all-in
Uncalled bet (295) returned to llodge
*** RIVER *** [2c 4s 9s Qs] [Jd]
*** SHOW DOWN ***
llodge: shows [Jh 9h] (two pair, Jacks and Nines)
Gabrielfs13: shows [Td Qd] (a pair of Queens)
llodge collected 9620 from pot
llodge wins $0.75 for eliminating Gabrielfs13 and their own bounty increases by $0.75 to $2.25
Gabrielfs13 finished the tournament
*** SUMMARY ***
Total pot 9620 | Rake 0 
Board [2c 4s 9s Qs Jd]
Seat 1: mateinthree folded before Flop (didn't bet)
Seat 2: caioirak folded before Flop (didn't bet)
Seat 3: Gabrielfs13 (button) showed [Td Qd] and lost with a pair of Queens
Seat 4: Olfreya (small blind) folded before Flop
Seat 5: sKAro1201 (big blind) folded before Flop
Seat 6: llodge showed [Jh 9h] and won (9620) with two pair, Jacks and Nines
Seat 7: Vludin folded before Flop (didn't bet)
Seat 8: Gazsi100 folded before Flop (didn't bet)



