PokerStars Hand #257035303894: Tournament #3910308066, $7.20+$7.50+$1.80 USD Hold'em No Limit - Level I (25/50) - 2025/07/21 14:29:59 BRT [2025/07/21 13:29:59 ET]
Table '3910308066 40' 8-max Seat #1 is the button
Seat 1: zomata35 (5000 in chips, $7.50 bounty) 
Seat 2: Gabrielfs13 (5000 in chips, $7.50 bounty) 
Seat 3: joaomarcello (5000 in chips, $7.50 bounty) 
Seat 4: aavol (5000 in chips, $7.50 bounty) 
Seat 5: Boka1995Zika (5000 in chips, $7.50 bounty) 
Seat 6: radadentist (5000 in chips, $7.50 bounty) 
Seat 7: rafaelmoroeq (5000 in chips, $7.50 bounty) 
Seat 8: $kiLLme1sTeR (5000 in chips, $7.50 bounty) 
zomata35: posts the ante 8
Gabrielfs13: posts the ante 8
joaomarcello: posts the ante 8
aavol: posts the ante 8
Boka1995Zika: posts the ante 8
radadentist: posts the ante 8
rafaelmoroeq: posts the ante 8
$kiLLme1sTeR: posts the ante 8
Gabrielfs13: posts small blind 25
joaomarcello: posts big blind 50
*** HOLE CARDS ***
Dealt to Gabrielfs13 [Ad 5s]
aavol: folds 
Boka1995Zika: folds 
radadentist: folds 
rafaelmoroeq: raises 50 to 100
$kiLLme1sTeR: folds 
zomata35: folds 
Gabrielfs13: folds 
joaomarcello: calls 50
*** FLOP *** [2d Qh 5c]
joaomarcello: checks 
rafaelmoroeq: bets 95
joaomarcello: calls 95
*** TURN *** [2d Qh 5c] [2h]
joaomarcello: checks 
rafaelmoroeq: bets 325
joaomarcello: folds 
Uncalled bet (325) returned to rafaelmoroeq
rafaelmoroeq collected 479 from pot
rafaelmoroeq: doesn't show hand 
*** SUMMARY ***
Total pot 479 | Rake 0 
Board [2d Qh 5c 2h]
Seat 1: zomata35 (button) folded before Flop (didn't bet)
Seat 2: Gabrielfs13 (small blind) folded before Flop
Seat 3: joaomarcello (big blind) folded on the Turn
Seat 4: aavol folded before Flop (didn't bet)
Seat 5: Boka1995Zika folded before Flop (didn't bet)
Seat 6: radadentist folded before Flop (didn't bet)
Seat 7: rafaelmoroeq collected (479)
Seat 8: $kiLLme1sTeR folded before Flop (didn't bet)



PokerStars Hand #257035319489: Tournament #3910308066, $7.20+$7.50+$1.80 USD Hold'em No Limit - Level I (25/50) - 2025/07/21 14:31:12 BRT [2025/07/21 13:31:12 ET]
Table '3910308066 40' 8-max Seat #2 is the button
Seat 1: zomata35 (4992 in chips, $7.50 bounty) 
Seat 2: Gabrielfs13 (4967 in chips, $7.50 bounty) 
Seat 3: joaomarcello (4797 in chips, $7.50 bounty) 
Seat 5: Boka1995Zika (4992 in chips, $7.50 bounty) 
Seat 6: radadentist (4992 in chips, $7.50 bounty) 
Seat 7: rafaelmoroeq (5276 in chips, $7.50 bounty) 
Seat 8: $kiLLme1sTeR (4992 in chips, $7.50 bounty) 
zomata35: posts the ante 8
Gabrielfs13: posts the ante 8
joaomarcello: posts the ante 8
Boka1995Zika: posts the ante 8
radadentist: posts the ante 8
rafaelmoroeq: posts the ante 8
$kiLLme1sTeR: posts the ante 8
joaomarcello: posts small blind 25
Boka1995Zika: posts big blind 50
*** HOLE CARDS ***
Dealt to Gabrielfs13 [4d 7c]
radadentist: calls 50
rafaelmoroeq: raises 175 to 225
pumpurelis10 is disconnected 
$kiLLme1sTeR: folds 
zomata35: folds 
Gabrielfs13: folds 
joaomarcello: folds 
Boka1995Zika: folds 
radadentist: folds 
Uncalled bet (175) returned to rafaelmoroeq
rafaelmoroeq collected 231 from pot
rafaelmoroeq: doesn't show hand 
*** SUMMARY ***
Total pot 231 | Rake 0 
Seat 1: zomata35 folded before Flop (didn't bet)
Seat 2: Gabrielfs13 (button) folded before Flop (didn't bet)
Seat 3: joaomarcello (small blind) folded before Flop
Seat 5: Boka1995Zika (big blind) folded before Flop
Seat 6: radadentist folded before Flop
Seat 7: rafaelmoroeq collected (231)
Seat 8: $kiLLme1sTeR folded before Flop (didn't bet)



PokerStars Hand #257035324559: Tournament #3910308066, $7.20+$7.50+$1.80 USD Hold'em No Limit - Level I (25/50) - 2025/07/21 14:31:36 BRT [2025/07/21 13:31:36 ET]
Table '3910308066 40' 8-max Seat #3 is the button
Seat 1: zomata35 (4984 in chips, $7.50 bounty) 
Seat 2: Gabrielfs13 (4959 in chips, $7.50 bounty) 
Seat 3: joaomarcello (4764 in chips, $7.50 bounty) 
Seat 4: pumpurelis10 (5000 in chips) out of hand (moved from another table into small blind)
Seat 5: Boka1995Zika (4934 in chips, $7.50 bounty) 
Seat 6: radadentist (4934 in chips, $7.50 bounty) 
Seat 7: rafaelmoroeq (5449 in chips, $7.50 bounty) 
Seat 8: $kiLLme1sTeR (4984 in chips, $7.50 bounty) 
pumpurelis10 will be allowed to play after the button
zomata35: posts the ante 8
Gabrielfs13: posts the ante 8
joaomarcello: posts the ante 8
Boka1995Zika: posts the ante 8
radadentist: posts the ante 8
rafaelmoroeq: posts the ante 8
$kiLLme1sTeR: posts the ante 8
Boka1995Zika: posts small blind 25
radadentist: posts big blind 50
*** HOLE CARDS ***
Dealt to Gabrielfs13 [5s Ac]
rafaelmoroeq: folds 
$kiLLme1sTeR: folds 
zomata35: raises 50 to 100
Gabrielfs13: folds 
joaomarcello: raises 225 to 325
Boka1995Zika: folds 
radadentist: folds 
zomata35: calls 225
*** FLOP *** [9d 8c 8s]
zomata35: checks 
joaomarcello: bets 650
zomata35: folds 
Uncalled bet (650) returned to joaomarcello
joaomarcello collected 781 from pot
joaomarcello: doesn't show hand 
*** SUMMARY ***
Total pot 781 | Rake 0 
Board [9d 8c 8s]
Seat 1: zomata35 folded on the Flop
Seat 2: Gabrielfs13 folded before Flop (didn't bet)
Seat 3: joaomarcello (button) collected (781)
Seat 5: Boka1995Zika (small blind) folded before Flop
Seat 6: radadentist (big blind) folded before Flop
Seat 7: rafaelmoroeq folded before Flop (didn't bet)
Seat 8: $kiLLme1sTeR folded before Flop (didn't bet)



PokerStars Hand #257035333982: Tournament #3910308066, $7.20+$7.50+$1.80 USD Hold'em No Limit - Level I (25/50) - 2025/07/21 14:32:20 BRT [2025/07/21 13:32:20 ET]
Table '3910308066 40' 8-max Seat #5 is the button
Seat 1: zomata35 (4651 in chips, $7.50 bounty) 
Seat 2: Gabrielfs13 (4951 in chips, $7.50 bounty) 
Seat 3: joaomarcello (5212 in chips, $7.50 bounty) 
Seat 4: pumpurelis10 (5000 in chips, $7.50 bounty) 
Seat 5: Boka1995Zika (4901 in chips, $7.50 bounty) 
Seat 6: radadentist (4876 in chips, $7.50 bounty) 
Seat 7: rafaelmoroeq (5441 in chips, $7.50 bounty) 
Seat 8: $kiLLme1sTeR (4976 in chips, $7.50 bounty) 
zomata35: posts the ante 8
Gabrielfs13: posts the ante 8
joaomarcello: posts the ante 8
pumpurelis10: posts the ante 8
Boka1995Zika: posts the ante 8
radadentist: posts the ante 8
rafaelmoroeq: posts the ante 8
$kiLLme1sTeR: posts the ante 8
radadentist: posts small blind 25
rafaelmoroeq: posts big blind 50
*** HOLE CARDS ***
Dealt to Gabrielfs13 [6s 7h]
$kiLLme1sTeR: folds 
zomata35: folds 
Gabrielfs13: folds 
joaomarcello: folds 
pumpurelis10: raises 100 to 150
Boka1995Zika: folds 
radadentist: calls 125
rafaelmoroeq: folds 
*** FLOP *** [Kd Tc 8d]
radadentist: checks 
pumpurelis10: bets 207
radadentist: folds 
Uncalled bet (207) returned to pumpurelis10
pumpurelis10 collected 414 from pot
pumpurelis10: doesn't show hand 
*** SUMMARY ***
Total pot 414 | Rake 0 
Board [Kd Tc 8d]
Seat 1: zomata35 folded before Flop (didn't bet)
Seat 2: Gabrielfs13 folded before Flop (didn't bet)
Seat 3: joaomarcello folded before Flop (didn't bet)
Seat 4: pumpurelis10 collected (414)
Seat 5: Boka1995Zika (button) folded before Flop (didn't bet)
Seat 6: radadentist (small blind) folded on the Flop
Seat 7: rafaelmoroeq (big blind) folded before Flop
Seat 8: $kiLLme1sTeR folded before Flop (didn't bet)



PokerStars Hand #257035344195: Tournament #3910308066, $7.20+$7.50+$1.80 USD Hold'em No Limit - Level I (25/50) - 2025/07/21 14:33:09 BRT [2025/07/21 13:33:09 ET]
Table '3910308066 40' 8-max Seat #6 is the button
Seat 1: zomata35 (4643 in chips, $7.50 bounty) 
Seat 2: Gabrielfs13 (4943 in chips, $7.50 bounty) 
Seat 3: joaomarcello (5204 in chips, $7.50 bounty) 
Seat 4: pumpurelis10 (5256 in chips, $7.50 bounty) 
Seat 5: Boka1995Zika (4893 in chips, $7.50 bounty) 
Seat 6: radadentist (4718 in chips, $7.50 bounty) 
Seat 7: rafaelmoroeq (5383 in chips, $7.50 bounty) 
Seat 8: $kiLLme1sTeR (4968 in chips, $7.50 bounty) 
zomata35: posts the ante 8
Gabrielfs13: posts the ante 8
joaomarcello: posts the ante 8
pumpurelis10: posts the ante 8
Boka1995Zika: posts the ante 8
radadentist: posts the ante 8
rafaelmoroeq: posts the ante 8
$kiLLme1sTeR: posts the ante 8
rafaelmoroeq: posts small blind 25
$kiLLme1sTeR: posts big blind 50
*** HOLE CARDS ***
Dealt to Gabrielfs13 [9s Jc]
zomata35: raises 50 to 100
Gabrielfs13: folds 
joaomarcello: folds 
pumpurelis10: folds 
Boka1995Zika: folds 
radadentist: folds 
rafaelmoroeq: folds 
$kiLLme1sTeR: folds 
Uncalled bet (50) returned to zomata35
zomata35 collected 189 from pot
zomata35: doesn't show hand 
*** SUMMARY ***
Total pot 189 | Rake 0 
Seat 1: zomata35 collected (189)
Seat 2: Gabrielfs13 folded before Flop (didn't bet)
Seat 3: joaomarcello folded before Flop (didn't bet)
Seat 4: pumpurelis10 folded before Flop (didn't bet)
Seat 5: Boka1995Zika folded before Flop (didn't bet)
Seat 6: radadentist (button) folded before Flop (didn't bet)
Seat 7: rafaelmoroeq (small blind) folded before Flop
Seat 8: $kiLLme1sTeR (big blind) folded before Flop



PokerStars Hand #257035350964: Tournament #3910308066, $7.20+$7.50+$1.80 USD Hold'em No Limit - Level I (25/50) - 2025/07/21 14:33:40 BRT [2025/07/21 13:33:40 ET]
Table '3910308066 40' 8-max Seat #7 is the button
Seat 1: zomata35 (4774 in chips, $7.50 bounty) 
Seat 2: Gabrielfs13 (4935 in chips, $7.50 bounty) 
Seat 3: joaomarcello (5196 in chips, $7.50 bounty) 
Seat 4: pumpurelis10 (5248 in chips, $7.50 bounty) 
Seat 5: Boka1995Zika (4885 in chips, $7.50 bounty) 
Seat 6: radadentist (4710 in chips, $7.50 bounty) 
Seat 7: rafaelmoroeq (5350 in chips, $7.50 bounty) 
Seat 8: $kiLLme1sTeR (4910 in chips, $7.50 bounty) 
zomata35: posts the ante 8
Gabrielfs13: posts the ante 8
joaomarcello: posts the ante 8
pumpurelis10: posts the ante 8
Boka1995Zika: posts the ante 8
radadentist: posts the ante 8
rafaelmoroeq: posts the ante 8
$kiLLme1sTeR: posts the ante 8
$kiLLme1sTeR: posts small blind 25
zomata35: posts big blind 50
*** HOLE CARDS ***
Dealt to Gabrielfs13 [4c 3s]
Gabrielfs13: folds 
joaomarcello: raises 50 to 100
pumpurelis10: raises 339 to 439
Boka1995Zika: folds 
radadentist: calls 439
rafaelmoroeq: folds 
$kiLLme1sTeR: folds 
zomata35: folds 
joaomarcello: calls 339
*** FLOP *** [8c Qs 9d]
joaomarcello: checks 
pumpurelis10: bets 728
radadentist: folds 
joaomarcello: raises 897 to 1625
pumpurelis10: calls 897
*** TURN *** [8c Qs 9d] [2d]
joaomarcello: bets 3124 and is all-in
pumpurelis10: folds 
Uncalled bet (3124) returned to joaomarcello
joaomarcello collected 4706 from pot
*** SUMMARY ***
Total pot 4706 | Rake 0 
Board [8c Qs 9d 2d]
Seat 1: zomata35 (big blind) folded before Flop
Seat 2: Gabrielfs13 folded before Flop (didn't bet)
Seat 3: joaomarcello collected (4706)
Seat 4: pumpurelis10 folded on the Turn
Seat 5: Boka1995Zika folded before Flop (didn't bet)
Seat 6: radadentist folded on the Flop
Seat 7: rafaelmoroeq (button) folded before Flop (didn't bet)
Seat 8: $kiLLme1sTeR (small blind) folded before Flop



PokerStars Hand #257035368458: Tournament #3910308066, $7.20+$7.50+$1.80 USD Hold'em No Limit - Level I (25/50) - 2025/07/21 14:35:03 BRT [2025/07/21 13:35:03 ET]
Table '3910308066 65' 8-max Seat #1 is the button
Seat 1: Gabrielfs13 (4927 in chips, $7.50 bounty) 
Seat 2: GabrielSMR (4733 in chips, $7.50 bounty) 
Seat 3: RckNog (4660 in chips, $7.50 bounty) 
Seat 4: leta189 (5066 in chips, $7.50 bounty) 
Seat 5: matheuscapaz (4877 in chips, $7.50 bounty) 
Gabrielfs13: posts the ante 8
GabrielSMR: posts the ante 8
RckNog: posts the ante 8
leta189: posts the ante 8
matheuscapaz: posts the ante 8
GabrielSMR: posts small blind 25
RckNog: posts big blind 50
*** HOLE CARDS ***
Dealt to Gabrielfs13 [4s As]
k.e.k.idol is disconnected 
matheuscapaz is disconnected 
10jqkaflus is disconnected 
leta189: folds 
matheuscapaz: raises 50 to 100
gtrevisc is disconnected 
Gabrielfs13: calls 100
GabrielSMR: raises 425 to 525
RckNog: folds 
matheuscapaz: calls 425
Gabrielfs13: folds 
*** FLOP *** [5s 5d Tc]
GabrielSMR: bets 310
matheuscapaz: folds 
Uncalled bet (310) returned to GabrielSMR
GabrielSMR collected 1240 from pot
GabrielSMR: doesn't show hand 
*** SUMMARY ***
Total pot 1240 | Rake 0 
Board [5s 5d Tc]
Seat 1: Gabrielfs13 (button) folded before Flop
Seat 2: GabrielSMR (small blind) collected (1240)
Seat 3: RckNog (big blind) folded before Flop
Seat 4: leta189 folded before Flop (didn't bet)
Seat 5: matheuscapaz folded on the Flop



PokerStars Hand #257035379855: Tournament #3910308066, $7.20+$7.50+$1.80 USD Hold'em No Limit - Level I (25/50) - 2025/07/21 14:35:57 BRT [2025/07/21 13:35:57 ET]
Table '3910308066 65' 8-max Seat #2 is the button
Seat 1: Gabrielfs13 (4819 in chips, $7.50 bounty) 
Seat 2: GabrielSMR (5440 in chips, $7.50 bounty) 
Seat 3: RckNog (4602 in chips, $7.50 bounty) 
Seat 4: leta189 (5058 in chips, $7.50 bounty) 
Seat 5: matheuscapaz (4344 in chips, $7.50 bounty) 
Seat 6: 10jqkaflus (4884 in chips, $7.50 bounty) 
Seat 7: k.e.k.idol (4992 in chips, $7.50 bounty) 
Seat 8: gtrevisc (5000 in chips, $7.50 bounty) 
Gabrielfs13: posts the ante 8
GabrielSMR: posts the ante 8
RckNog: posts the ante 8
leta189: posts the ante 8
matheuscapaz: posts the ante 8
10jqkaflus: posts the ante 8
k.e.k.idol: posts the ante 8
gtrevisc: posts the ante 8
RckNog: posts small blind 25
leta189: posts big blind 50
*** HOLE CARDS ***
Dealt to Gabrielfs13 [7c 9c]
matheuscapaz: folds 
10jqkaflus: folds 
k.e.k.idol: folds 
gtrevisc: folds 
Gabrielfs13: raises 50 to 100
GabrielSMR: folds 
RckNog: calls 75
leta189: calls 50
*** FLOP *** [4s 6s 2h]
RckNog: checks 
leta189: checks 
Gabrielfs13: bets 120
RckNog: calls 120
leta189: folds 
*** TURN *** [4s 6s 2h] [5c]
RckNog: bets 199
Gabrielfs13: raises 501 to 700
RckNog: raises 3674 to 4374 and is all-in
Gabrielfs13: calls 3674
*** RIVER *** [4s 6s 2h 5c] [As]
*** SHOW DOWN ***
RckNog: shows [3s 3h] (a straight, Deuce to Six)
Gabrielfs13: shows [7c 9c] (high card Ace)
RckNog collected 9352 from pot
*** SUMMARY ***
Total pot 9352 | Rake 0 
Board [4s 6s 2h 5c As]
Seat 1: Gabrielfs13 showed [7c 9c] and lost with high card Ace
Seat 2: GabrielSMR (button) folded before Flop (didn't bet)
Seat 3: RckNog (small blind) showed [3s 3h] and won (9352) with a straight, Deuce to Six
Seat 4: leta189 (big blind) folded on the Flop
Seat 5: matheuscapaz folded before Flop (didn't bet)
Seat 6: 10jqkaflus folded before Flop (didn't bet)
Seat 7: k.e.k.idol folded before Flop (didn't bet)
Seat 8: gtrevisc folded before Flop (didn't bet)



PokerStars Hand #257035400440: Tournament #3910308066, $7.20+$7.50+$1.80 USD Hold'em No Limit - Level I (25/50) - 2025/07/21 14:37:33 BRT [2025/07/21 13:37:33 ET]
Table '3910308066 65' 8-max Seat #3 is the button
Seat 1: Gabrielfs13 (217 in chips, $7.50 bounty) 
Seat 2: GabrielSMR (5432 in chips, $7.50 bounty) 
Seat 3: RckNog (9352 in chips, $7.50 bounty) 
Seat 4: leta189 (4950 in chips, $7.50 bounty) 
Seat 5: matheuscapaz (4336 in chips, $7.50 bounty) 
Seat 6: 10jqkaflus (4876 in chips, $7.50 bounty) 
Seat 7: k.e.k.idol (4984 in chips, $7.50 bounty) 
Seat 8: gtrevisc (4992 in chips, $7.50 bounty) 
Gabrielfs13: posts the ante 8
GabrielSMR: posts the ante 8
RckNog: posts the ante 8
leta189: posts the ante 8
matheuscapaz: posts the ante 8
10jqkaflus: posts the ante 8
k.e.k.idol: posts the ante 8
gtrevisc: posts the ante 8
leta189: posts small blind 25
matheuscapaz: posts big blind 50
*** HOLE CARDS ***
Dealt to Gabrielfs13 [5h Js]
10jqkaflus: folds 
k.e.k.idol: calls 50
gtrevisc: folds 
Gabrielfs13: folds 
GabrielSMR: raises 125 to 175
RckNog: folds 
leta189: folds 
matheuscapaz: folds 
k.e.k.idol: calls 125
*** FLOP *** [8c 8d Kd]
k.e.k.idol: checks 
GabrielSMR: bets 122
k.e.k.idol: calls 122
*** TURN *** [8c 8d Kd] [3d]
k.e.k.idol: checks 
GabrielSMR: checks 
*** RIVER *** [8c 8d Kd 3d] [Jd]
k.e.k.idol: bets 50
GabrielSMR: calls 50
*** SHOW DOWN ***
k.e.k.idol: shows [Ad 7s] (a flush, Ace high)
GabrielSMR: mucks hand 
k.e.k.idol collected 833 from pot
*** SUMMARY ***
Total pot 833 | Rake 0 
Board [8c 8d Kd 3d Jd]
Seat 1: Gabrielfs13 folded before Flop (didn't bet)
Seat 2: GabrielSMR mucked [6d Ah]
Seat 3: RckNog (button) folded before Flop (didn't bet)
Seat 4: leta189 (small blind) folded before Flop
Seat 5: matheuscapaz (big blind) folded before Flop
Seat 6: 10jqkaflus folded before Flop (didn't bet)
Seat 7: k.e.k.idol showed [Ad 7s] and won (833) with a flush, Ace high
Seat 8: gtrevisc folded before Flop (didn't bet)



PokerStars Hand #257035416994: Tournament #3910308066, $7.20+$7.50+$1.80 USD Hold'em No Limit - Level II (30/60) - 2025/07/21 14:38:50 BRT [2025/07/21 13:38:50 ET]
Table '3910308066 65' 8-max Seat #4 is the button
Seat 1: Gabrielfs13 (209 in chips, $7.50 bounty) 
Seat 2: GabrielSMR (5077 in chips, $7.50 bounty) 
Seat 3: RckNog (9344 in chips, $7.50 bounty) 
Seat 4: leta189 (4917 in chips, $7.50 bounty) 
Seat 5: matheuscapaz (4278 in chips, $7.50 bounty) 
Seat 6: 10jqkaflus (4868 in chips, $7.50 bounty) 
Seat 7: k.e.k.idol (5462 in chips, $7.50 bounty) 
Seat 8: gtrevisc (4984 in chips, $7.50 bounty) 
Gabrielfs13: posts the ante 9
GabrielSMR: posts the ante 9
RckNog: posts the ante 9
leta189: posts the ante 9
matheuscapaz: posts the ante 9
10jqkaflus: posts the ante 9
k.e.k.idol: posts the ante 9
gtrevisc: posts the ante 9
matheuscapaz: posts small blind 30
10jqkaflus: posts big blind 60
*** HOLE CARDS ***
Dealt to Gabrielfs13 [2d Qh]
k.e.k.idol: folds 
gtrevisc: folds 
Gabrielfs13: folds 
GabrielSMR: raises 60 to 120
RckNog: folds 
leta189: raises 330 to 450
matheuscapaz: folds 
10jqkaflus: folds 
GabrielSMR: folds 
Uncalled bet (330) returned to leta189
leta189 collected 402 from pot
leta189: doesn't show hand 
*** SUMMARY ***
Total pot 402 | Rake 0 
Seat 1: Gabrielfs13 folded before Flop (didn't bet)
Seat 2: GabrielSMR folded before Flop
Seat 3: RckNog folded before Flop (didn't bet)
Seat 4: leta189 (button) collected (402)
Seat 5: matheuscapaz (small blind) folded before Flop
Seat 6: 10jqkaflus (big blind) folded before Flop
Seat 7: k.e.k.idol folded before Flop (didn't bet)
Seat 8: gtrevisc folded before Flop (didn't bet)



PokerStars Hand #257035428725: Tournament #3910308066, $7.20+$7.50+$1.80 USD Hold'em No Limit - Level II (30/60) - 2025/07/21 14:39:46 BRT [2025/07/21 13:39:46 ET]
Table '3910308066 65' 8-max Seat #5 is the button
Seat 1: Gabrielfs13 (200 in chips, $7.50 bounty) 
Seat 2: GabrielSMR (4948 in chips, $7.50 bounty) 
Seat 3: RckNog (9335 in chips, $7.50 bounty) 
Seat 4: leta189 (5190 in chips, $7.50 bounty) 
Seat 5: matheuscapaz (4239 in chips, $7.50 bounty) 
Seat 6: 10jqkaflus (4799 in chips, $7.50 bounty) 
Seat 7: k.e.k.idol (5453 in chips, $7.50 bounty) 
Seat 8: gtrevisc (4975 in chips, $7.50 bounty) 
Gabrielfs13: posts the ante 9
GabrielSMR: posts the ante 9
RckNog: posts the ante 9
leta189: posts the ante 9
matheuscapaz: posts the ante 9
10jqkaflus: posts the ante 9
k.e.k.idol: posts the ante 9
gtrevisc: posts the ante 9
10jqkaflus: posts small blind 30
k.e.k.idol: posts big blind 60
*** HOLE CARDS ***
Dealt to Gabrielfs13 [8c 2c]
gtrevisc: folds 
Gabrielfs13: folds 
GabrielSMR: folds 
RckNog: folds 
leta189: folds 
matheuscapaz: raises 60 to 120
10jqkaflus: folds 
k.e.k.idol: calls 60
*** FLOP *** [3s Jc 3d]
k.e.k.idol: checks 
matheuscapaz: bets 103
k.e.k.idol: calls 103
*** TURN *** [3s Jc 3d] [Qd]
k.e.k.idol: checks 
matheuscapaz: checks 
*** RIVER *** [3s Jc 3d Qd] [6d]
k.e.k.idol: checks 
matheuscapaz: checks 
*** SHOW DOWN ***
k.e.k.idol: shows [7c Ad] (a pair of Threes)
matheuscapaz: mucks hand 
k.e.k.idol collected 548 from pot
*** SUMMARY ***
Total pot 548 | Rake 0 
Board [3s Jc 3d Qd 6d]
Seat 1: Gabrielfs13 folded before Flop (didn't bet)
Seat 2: GabrielSMR folded before Flop (didn't bet)
Seat 3: RckNog folded before Flop (didn't bet)
Seat 4: leta189 folded before Flop (didn't bet)
Seat 5: matheuscapaz (button) mucked [5h Kh]
Seat 6: 10jqkaflus (small blind) folded before Flop
Seat 7: k.e.k.idol (big blind) showed [7c Ad] and won (548) with a pair of Threes
Seat 8: gtrevisc folded before Flop (didn't bet)



PokerStars Hand #257035443126: Tournament #3910308066, $7.20+$7.50+$1.80 USD Hold'em No Limit - Level II (30/60) - 2025/07/21 14:40:53 BRT [2025/07/21 13:40:53 ET]
Table '3910308066 65' 8-max Seat #6 is the button
Seat 1: Gabrielfs13 (191 in chips, $7.50 bounty) 
Seat 2: GabrielSMR (4939 in chips, $7.50 bounty) 
Seat 3: RckNog (9326 in chips, $7.50 bounty) 
Seat 4: leta189 (5181 in chips, $7.50 bounty) 
Seat 5: matheuscapaz (4007 in chips, $7.50 bounty) 
Seat 6: 10jqkaflus (4760 in chips, $7.50 bounty) 
Seat 7: k.e.k.idol (5769 in chips, $7.50 bounty) 
Seat 8: gtrevisc (4966 in chips, $7.50 bounty) 
Gabrielfs13: posts the ante 9
GabrielSMR: posts the ante 9
RckNog: posts the ante 9
leta189: posts the ante 9
matheuscapaz: posts the ante 9
10jqkaflus: posts the ante 9
k.e.k.idol: posts the ante 9
gtrevisc: posts the ante 9
k.e.k.idol: posts small blind 30
gtrevisc: posts big blind 60
*** HOLE CARDS ***
Dealt to Gabrielfs13 [4h 2h]
Gabrielfs13: folds 
GabrielSMR: raises 60 to 120
RckNog: folds 
leta189: folds 
matheuscapaz: folds 
10jqkaflus: folds 
k.e.k.idol: calls 90
gtrevisc: calls 60
*** FLOP *** [5d 2c Kh]
k.e.k.idol: checks 
gtrevisc: checks 
GabrielSMR: bets 108
k.e.k.idol: calls 108
gtrevisc: calls 108
*** TURN *** [5d 2c Kh] [Js]
k.e.k.idol: checks 
gtrevisc: checks 
GabrielSMR: checks 
*** RIVER *** [5d 2c Kh Js] [Kd]
k.e.k.idol: checks 
gtrevisc: checks 
GabrielSMR: bets 330
k.e.k.idol: raises 330 to 660
gtrevisc: folds 
GabrielSMR: folds 
Uncalled bet (330) returned to k.e.k.idol
k.e.k.idol collected 1416 from pot
k.e.k.idol: doesn't show hand 
*** SUMMARY ***
Total pot 1416 | Rake 0 
Board [5d 2c Kh Js Kd]
Seat 1: Gabrielfs13 folded before Flop (didn't bet)
Seat 2: GabrielSMR folded on the River
Seat 3: RckNog folded before Flop (didn't bet)
Seat 4: leta189 folded before Flop (didn't bet)
Seat 5: matheuscapaz folded before Flop (didn't bet)
Seat 6: 10jqkaflus (button) folded before Flop (didn't bet)
Seat 7: k.e.k.idol (small blind) collected (1416)
Seat 8: gtrevisc (big blind) folded on the River



PokerStars Hand #257035467417: Tournament #3910308066, $7.20+$7.50+$1.80 USD Hold'em No Limit - Level II (30/60) - 2025/07/21 14:42:49 BRT [2025/07/21 13:42:49 ET]
Table '3910308066 65' 8-max Seat #7 is the button
Seat 1: Gabrielfs13 (182 in chips, $7.50 bounty) 
Seat 2: GabrielSMR (4372 in chips, $7.50 bounty) 
Seat 3: RckNog (9317 in chips, $7.50 bounty) 
Seat 4: leta189 (5172 in chips, $7.50 bounty) 
Seat 5: matheuscapaz (3998 in chips, $7.50 bounty) 
Seat 6: 10jqkaflus (4751 in chips, $7.50 bounty) 
Seat 7: k.e.k.idol (6618 in chips, $7.50 bounty) 
Seat 8: gtrevisc (4729 in chips, $7.50 bounty) 
Gabrielfs13: posts the ante 9
GabrielSMR: posts the ante 9
RckNog: posts the ante 9
leta189: posts the ante 9
matheuscapaz: posts the ante 9
10jqkaflus: posts the ante 9
k.e.k.idol: posts the ante 9
gtrevisc: posts the ante 9
gtrevisc: posts small blind 30
Gabrielfs13: posts big blind 60
*** HOLE CARDS ***
Dealt to Gabrielfs13 [2s Qc]
GabrielSMR: raises 60 to 120
RckNog: folds 
leta189: folds 
matheuscapaz: calls 120
10jqkaflus: folds 
k.e.k.idol: calls 120
gtrevisc: folds 
Gabrielfs13: folds 
*** FLOP *** [4h Qh Ac]
GabrielSMR: checks 
matheuscapaz: checks 
k.e.k.idol: checks 
*** TURN *** [4h Qh Ac] [Jh]
GabrielSMR: bets 392
matheuscapaz: calls 392
k.e.k.idol: folds 
*** RIVER *** [4h Qh Ac Jh] [9c]
GabrielSMR: bets 980
matheuscapaz: folds 
Uncalled bet (980) returned to GabrielSMR
GabrielSMR collected 1306 from pot
GabrielSMR: doesn't show hand 
*** SUMMARY ***
Total pot 1306 | Rake 0 
Board [4h Qh Ac Jh 9c]
Seat 1: Gabrielfs13 (big blind) folded before Flop
Seat 2: GabrielSMR collected (1306)
Seat 3: RckNog folded before Flop (didn't bet)
Seat 4: leta189 folded before Flop (didn't bet)
Seat 5: matheuscapaz folded on the River
Seat 6: 10jqkaflus folded before Flop (didn't bet)
Seat 7: k.e.k.idol (button) folded on the Turn
Seat 8: gtrevisc (small blind) folded before Flop



PokerStars Hand #257035490359: Tournament #3910308066, $7.20+$7.50+$1.80 USD Hold'em No Limit - Level II (30/60) - 2025/07/21 14:44:37 BRT [2025/07/21 13:44:37 ET]
Table '3910308066 65' 8-max Seat #8 is the button
Seat 1: Gabrielfs13 (113 in chips, $7.50 bounty) 
Seat 2: GabrielSMR (5157 in chips, $7.50 bounty) 
Seat 3: RckNog (9308 in chips, $7.50 bounty) 
Seat 4: leta189 (5163 in chips, $7.50 bounty) 
Seat 5: matheuscapaz (3477 in chips, $7.50 bounty) 
Seat 6: 10jqkaflus (4742 in chips, $7.50 bounty) 
Seat 7: k.e.k.idol (6489 in chips, $7.50 bounty) 
Seat 8: gtrevisc (4690 in chips, $7.50 bounty) 
Gabrielfs13: posts the ante 9
GabrielSMR: posts the ante 9
RckNog: posts the ante 9
leta189: posts the ante 9
matheuscapaz: posts the ante 9
10jqkaflus: posts the ante 9
k.e.k.idol: posts the ante 9
gtrevisc: posts the ante 9
Gabrielfs13: posts small blind 30
GabrielSMR: posts big blind 60
*** HOLE CARDS ***
Dealt to Gabrielfs13 [9s Jd]
RckNog: raises 60 to 120
leta189: folds 
matheuscapaz: folds 
10jqkaflus: folds 
k.e.k.idol: folds 
gtrevisc: folds 
Gabrielfs13: calls 74 and is all-in
GabrielSMR: calls 60
*** FLOP *** [Ks 5h 6d]
GabrielSMR: checks 
RckNog: bets 137
GabrielSMR: calls 137
*** TURN *** [Ks 5h 6d] [9h]
GabrielSMR: checks 
RckNog: bets 518
GabrielSMR: folds 
Uncalled bet (518) returned to RckNog
*** RIVER *** [Ks 5h 6d 9h] [Qh]
*** SHOW DOWN ***
RckNog: shows [9d 9c] (three of a kind, Nines)
RckNog collected 306 from side pot
Gabrielfs13: shows [9s Jd] (a pair of Nines)
RckNog collected 384 from main pot
RckNog wins $3.75 for eliminating Gabrielfs13 and their own bounty increases by $3.75 to $11.25
Gabrielfs13 finished the tournament
*** SUMMARY ***
Total pot 690 Main pot 384. Side pot 306. | Rake 0 
Board [Ks 5h 6d 9h Qh]
Seat 1: Gabrielfs13 (small blind) showed [9s Jd] and lost with a pair of Nines
Seat 2: GabrielSMR (big blind) folded on the Turn
Seat 3: RckNog showed [9d 9c] and won (690) with three of a kind, Nines
Seat 4: leta189 folded before Flop (didn't bet)
Seat 5: matheuscapaz folded before Flop (didn't bet)
Seat 6: 10jqkaflus folded before Flop (didn't bet)
Seat 7: k.e.k.idol folded before Flop (didn't bet)
Seat 8: gtrevisc (button) folded before Flop (didn't bet)



PokerStars Hand #257035761363: Tournament #3910308066, $7.20+$7.50+$1.80 USD Hold'em No Limit - Level IV (40/80) - 2025/07/21 15:07:14 BRT [2025/07/21 14:07:14 ET]
Table '3910308066 114' 8-max Seat #6 is the button
Seat 1: Maxi_AK_Yo (4205 in chips, $7.50 bounty) 
Seat 2: Gabrielfs13 (5000 in chips, $7.50 bounty) 
Seat 3: onyedinma (3782 in chips, $7.50 bounty) 
Seat 4: Pg1rene (3715 in chips, $7.50 bounty) 
Seat 5: lumpyrice (4988 in chips, $7.50 bounty) 
Seat 6: Pamuphi (6968 in chips, $7.50 bounty) 
Seat 7: Alekseygrodno (7231 in chips, $7.50 bounty) 
Seat 8: C0mpetition (4804 in chips, $7.50 bounty) 
Maxi_AK_Yo: posts the ante 12
Gabrielfs13: posts the ante 12
onyedinma: posts the ante 12
Pg1rene: posts the ante 12
lumpyrice: posts the ante 12
Pamuphi: posts the ante 12
Alekseygrodno: posts the ante 12
C0mpetition: posts the ante 12
Alekseygrodno: posts small blind 40
C0mpetition: posts big blind 80
*** HOLE CARDS ***
Dealt to Gabrielfs13 [6h Qd]
Maxi_AK_Yo: folds 
Gabrielfs13: folds 
onyedinma: folds 
Pg1rene: folds 
lumpyrice: raises 80 to 160
Pamuphi: calls 160
Alekseygrodno: calls 120
C0mpetition: raises 640 to 800
lumpyrice: folds 
Pamuphi: folds 
Alekseygrodno: calls 640
*** FLOP *** [5c 9d 6d]
Alekseygrodno: checks 
C0mpetition: bets 1200
Alekseygrodno: raises 5219 to 6419 and is all-in
C0mpetition: calls 2792 and is all-in
Uncalled bet (2427) returned to Alekseygrodno
*** TURN *** [5c 9d 6d] [4s]
*** RIVER *** [5c 9d 6d 4s] [7h]
*** SHOW DOWN ***
Alekseygrodno: shows [Ad Td] (high card Ace)
C0mpetition: shows [As Tc] (high card Ace)
Alekseygrodno collected 5000 from pot
C0mpetition collected 5000 from pot
*** SUMMARY ***
Total pot 10000 | Rake 0 
Board [5c 9d 6d 4s 7h]
Seat 1: Maxi_AK_Yo folded before Flop (didn't bet)
Seat 2: Gabrielfs13 folded before Flop (didn't bet)
Seat 3: onyedinma folded before Flop (didn't bet)
Seat 4: Pg1rene folded before Flop (didn't bet)
Seat 5: lumpyrice folded before Flop
Seat 6: Pamuphi (button) folded before Flop
Seat 7: Alekseygrodno (small blind) showed [Ad Td] and won (5000) with high card Ace
Seat 8: C0mpetition (big blind) showed [As Tc] and won (5000) with high card Ace



PokerStars Hand #257035776602: Tournament #3910308066, $7.20+$7.50+$1.80 USD Hold'em No Limit - Level IV (40/80) - 2025/07/21 15:08:23 BRT [2025/07/21 14:08:23 ET]
Table '3910308066 114' 8-max Seat #7 is the button
Seat 1: Maxi_AK_Yo (4193 in chips, $7.50 bounty) 
Seat 2: Gabrielfs13 (4988 in chips, $7.50 bounty) 
Seat 3: onyedinma (3770 in chips, $7.50 bounty) 
Seat 4: Pg1rene (3703 in chips, $7.50 bounty) 
Seat 5: lumpyrice (4816 in chips, $7.50 bounty) 
Seat 6: Pamuphi (6796 in chips, $7.50 bounty) 
Seat 7: Alekseygrodno (7427 in chips, $7.50 bounty) 
Seat 8: C0mpetition (5000 in chips, $7.50 bounty) 
Maxi_AK_Yo: posts the ante 12
Gabrielfs13: posts the ante 12
onyedinma: posts the ante 12
Pg1rene: posts the ante 12
lumpyrice: posts the ante 12
Pamuphi: posts the ante 12
Alekseygrodno: posts the ante 12
C0mpetition: posts the ante 12
C0mpetition: posts small blind 40
Maxi_AK_Yo: posts big blind 80
*** HOLE CARDS ***
Dealt to Gabrielfs13 [Kc 9s]
Gabrielfs13: folds 
onyedinma: folds 
Pg1rene: folds 
lumpyrice: folds 
Pamuphi: folds 
Alekseygrodno: folds 
C0mpetition: raises 200 to 280
Maxi_AK_Yo: calls 200
*** FLOP *** [9h Ks 8s]
C0mpetition: checks 
Maxi_AK_Yo: bets 328
C0mpetition: folds 
Uncalled bet (328) returned to Maxi_AK_Yo
Maxi_AK_Yo collected 656 from pot
Maxi_AK_Yo: doesn't show hand 
*** SUMMARY ***
Total pot 656 | Rake 0 
Board [9h Ks 8s]
Seat 1: Maxi_AK_Yo (big blind) collected (656)
Seat 2: Gabrielfs13 folded before Flop (didn't bet)
Seat 3: onyedinma folded before Flop (didn't bet)
Seat 4: Pg1rene folded before Flop (didn't bet)
Seat 5: lumpyrice folded before Flop (didn't bet)
Seat 6: Pamuphi folded before Flop (didn't bet)
Seat 7: Alekseygrodno (button) folded before Flop (didn't bet)
Seat 8: C0mpetition (small blind) folded on the Flop



PokerStars Hand #257035788105: Tournament #3910308066, $7.20+$7.50+$1.80 USD Hold'em No Limit - Level IV (40/80) - 2025/07/21 15:09:14 BRT [2025/07/21 14:09:14 ET]
Table '3910308066 114' 8-max Seat #8 is the button
Seat 1: Maxi_AK_Yo (4557 in chips, $7.50 bounty) 
Seat 2: Gabrielfs13 (4976 in chips, $7.50 bounty) 
Seat 3: onyedinma (3758 in chips, $7.50 bounty) 
Seat 4: Pg1rene (3691 in chips, $7.50 bounty) 
Seat 5: lumpyrice (4804 in chips, $7.50 bounty) 
Seat 6: Pamuphi (6784 in chips, $7.50 bounty) 
Seat 7: Alekseygrodno (7415 in chips, $7.50 bounty) 
Seat 8: C0mpetition (4708 in chips, $7.50 bounty) 
Maxi_AK_Yo: posts the ante 12
Gabrielfs13: posts the ante 12
onyedinma: posts the ante 12
Pg1rene: posts the ante 12
lumpyrice: posts the ante 12
Pamuphi: posts the ante 12
Alekseygrodno: posts the ante 12
C0mpetition: posts the ante 12
Maxi_AK_Yo: posts small blind 40
Gabrielfs13: posts big blind 80
*** HOLE CARDS ***
Dealt to Gabrielfs13 [Td Qd]
onyedinma: folds 
Pg1rene: folds 
lumpyrice: folds 
Pamuphi: folds 
Alekseygrodno: raises 80 to 160
C0mpetition: calls 160
Maxi_AK_Yo: folds 
Gabrielfs13: raises 760 to 920
Alekseygrodno: folds 
C0mpetition: folds 
Uncalled bet (760) returned to Gabrielfs13
Gabrielfs13 collected 616 from pot
Gabrielfs13: doesn't show hand 
*** SUMMARY ***
Total pot 616 | Rake 0 
Seat 1: Maxi_AK_Yo (small blind) folded before Flop
Seat 2: Gabrielfs13 (big blind) collected (616)
Seat 3: onyedinma folded before Flop (didn't bet)
Seat 4: Pg1rene folded before Flop (didn't bet)
Seat 5: lumpyrice folded before Flop (didn't bet)
Seat 6: Pamuphi folded before Flop (didn't bet)
Seat 7: Alekseygrodno folded before Flop
Seat 8: C0mpetition (button) folded before Flop



PokerStars Hand #257035798529: Tournament #3910308066, $7.20+$7.50+$1.80 USD Hold'em No Limit - Level IV (40/80) - 2025/07/21 15:10:02 BRT [2025/07/21 14:10:02 ET]
Table '3910308066 114' 8-max Seat #1 is the button
Seat 1: Maxi_AK_Yo (4505 in chips, $7.50 bounty) 
Seat 2: Gabrielfs13 (5420 in chips, $7.50 bounty) 
Seat 3: onyedinma (3746 in chips, $7.50 bounty) 
Seat 4: Pg1rene (3679 in chips, $7.50 bounty) 
Seat 5: lumpyrice (4792 in chips, $7.50 bounty) 
Seat 6: Pamuphi (6772 in chips, $7.50 bounty) 
Seat 7: Alekseygrodno (7243 in chips, $7.50 bounty) 
Seat 8: C0mpetition (4536 in chips, $7.50 bounty) 
Maxi_AK_Yo: posts the ante 12
Gabrielfs13: posts the ante 12
onyedinma: posts the ante 12
Pg1rene: posts the ante 12
lumpyrice: posts the ante 12
Pamuphi: posts the ante 12
Alekseygrodno: posts the ante 12
C0mpetition: posts the ante 12
Gabrielfs13: posts small blind 40
onyedinma: posts big blind 80
*** HOLE CARDS ***
Dealt to Gabrielfs13 [5h 7d]
Pg1rene: calls 80
lumpyrice: folds 
Pamuphi: folds 
Alekseygrodno: folds 
C0mpetition: raises 120 to 200
Maxi_AK_Yo: folds 
Gabrielfs13: folds 
onyedinma: folds 
Pg1rene: calls 120
*** FLOP *** [2s 8c 8d]
Pg1rene: checks 
C0mpetition: bets 320
Pg1rene: folds 
Uncalled bet (320) returned to C0mpetition
C0mpetition collected 616 from pot
C0mpetition: doesn't show hand 
*** SUMMARY ***
Total pot 616 | Rake 0 
Board [2s 8c 8d]
Seat 1: Maxi_AK_Yo (button) folded before Flop (didn't bet)
Seat 2: Gabrielfs13 (small blind) folded before Flop
Seat 3: onyedinma (big blind) folded before Flop
Seat 4: Pg1rene folded on the Flop
Seat 5: lumpyrice folded before Flop (didn't bet)
Seat 6: Pamuphi folded before Flop (didn't bet)
Seat 7: Alekseygrodno folded before Flop (didn't bet)
Seat 8: C0mpetition collected (616)



PokerStars Hand #257035807306: Tournament #3910308066, $7.20+$7.50+$1.80 USD Hold'em No Limit - Level V (45/90) - 2025/07/21 15:10:41 BRT [2025/07/21 14:10:41 ET]
Table '3910308066 114' 8-max Seat #2 is the button
Seat 1: Maxi_AK_Yo (4493 in chips, $7.50 bounty) 
Seat 2: Gabrielfs13 (5368 in chips, $7.50 bounty) 
Seat 3: onyedinma (3654 in chips, $7.50 bounty) 
Seat 4: Pg1rene (3467 in chips, $7.50 bounty) 
Seat 5: lumpyrice (4780 in chips, $7.50 bounty) 
Seat 6: Pamuphi (6760 in chips, $7.50 bounty) 
Seat 7: Alekseygrodno (7231 in chips, $7.50 bounty) 
Seat 8: C0mpetition (4940 in chips, $7.50 bounty) 
Maxi_AK_Yo: posts the ante 14
Gabrielfs13: posts the ante 14
onyedinma: posts the ante 14
Pg1rene: posts the ante 14
lumpyrice: posts the ante 14
Pamuphi: posts the ante 14
Alekseygrodno: posts the ante 14
C0mpetition: posts the ante 14
onyedinma: posts small blind 45
Pg1rene: posts big blind 90
*** HOLE CARDS ***
Dealt to Gabrielfs13 [Ks 8d]
lumpyrice: folds 
Pamuphi: folds 
Alekseygrodno: folds 
C0mpetition: folds 
Maxi_AK_Yo: raises 90 to 180
Gabrielfs13: folds 
onyedinma: folds 
Pg1rene: calls 90
*** FLOP *** [7d 2s 9c]
Pg1rene: checks 
Maxi_AK_Yo: bets 315
Pg1rene: calls 315
*** TURN *** [7d 2s 9c] [Ts]
Pg1rene: checks 
Maxi_AK_Yo: checks 
*** RIVER *** [7d 2s 9c Ts] [Ah]
Pg1rene: checks 
Maxi_AK_Yo: bets 860
Pg1rene: folds 
Uncalled bet (860) returned to Maxi_AK_Yo
Maxi_AK_Yo collected 1147 from pot
Maxi_AK_Yo: doesn't show hand 
*** SUMMARY ***
Total pot 1147 | Rake 0 
Board [7d 2s 9c Ts Ah]
Seat 1: Maxi_AK_Yo collected (1147)
Seat 2: Gabrielfs13 (button) folded before Flop (didn't bet)
Seat 3: onyedinma (small blind) folded before Flop
Seat 4: Pg1rene (big blind) folded on the River
Seat 5: lumpyrice folded before Flop (didn't bet)
Seat 6: Pamuphi folded before Flop (didn't bet)
Seat 7: Alekseygrodno folded before Flop (didn't bet)
Seat 8: C0mpetition folded before Flop (didn't bet)



PokerStars Hand #257035823180: Tournament #3910308066, $7.20+$7.50+$1.80 USD Hold'em No Limit - Level V (45/90) - 2025/07/21 15:11:52 BRT [2025/07/21 14:11:52 ET]
Table '3910308066 114' 8-max Seat #3 is the button
Seat 1: Maxi_AK_Yo (5131 in chips, $7.50 bounty) 
Seat 2: Gabrielfs13 (5354 in chips, $7.50 bounty) 
Seat 3: onyedinma (3595 in chips, $7.50 bounty) 
Seat 4: Pg1rene (2958 in chips, $7.50 bounty) 
Seat 5: lumpyrice (4766 in chips, $7.50 bounty) 
Seat 6: Pamuphi (6746 in chips, $7.50 bounty) 
Seat 7: Alekseygrodno (7217 in chips, $7.50 bounty) 
Seat 8: C0mpetition (4926 in chips, $7.50 bounty) 
Maxi_AK_Yo: posts the ante 14
Gabrielfs13: posts the ante 14
onyedinma: posts the ante 14
Pg1rene: posts the ante 14
lumpyrice: posts the ante 14
Pamuphi: posts the ante 14
Alekseygrodno: posts the ante 14
C0mpetition: posts the ante 14
Pg1rene: posts small blind 45
lumpyrice: posts big blind 90
*** HOLE CARDS ***
Dealt to Gabrielfs13 [3c 8h]
Pamuphi: folds 
Alekseygrodno: folds 
C0mpetition: folds 
Maxi_AK_Yo: folds 
Gabrielfs13: folds 
onyedinma: folds 
Pg1rene: folds 
Uncalled bet (45) returned to lumpyrice
lumpyrice collected 202 from pot
*** SUMMARY ***
Total pot 202 | Rake 0 
Seat 1: Maxi_AK_Yo folded before Flop (didn't bet)
Seat 2: Gabrielfs13 folded before Flop (didn't bet)
Seat 3: onyedinma (button) folded before Flop (didn't bet)
Seat 4: Pg1rene (small blind) folded before Flop
Seat 5: lumpyrice (big blind) collected (202)
Seat 6: Pamuphi folded before Flop (didn't bet)
Seat 7: Alekseygrodno folded before Flop (didn't bet)
Seat 8: C0mpetition folded before Flop (didn't bet)



PokerStars Hand #257035833601: Tournament #3910308066, $7.20+$7.50+$1.80 USD Hold'em No Limit - Level V (45/90) - 2025/07/21 15:12:38 BRT [2025/07/21 14:12:38 ET]
Table '3910308066 114' 8-max Seat #4 is the button
Seat 1: Maxi_AK_Yo (5117 in chips, $7.50 bounty) 
Seat 2: Gabrielfs13 (5340 in chips, $7.50 bounty) 
Seat 3: onyedinma (3581 in chips, $7.50 bounty) 
Seat 4: Pg1rene (2899 in chips, $7.50 bounty) 
Seat 5: lumpyrice (4909 in chips, $7.50 bounty) 
Seat 6: Pamuphi (6732 in chips, $7.50 bounty) 
Seat 7: Alekseygrodno (7203 in chips, $7.50 bounty) 
Seat 8: C0mpetition (4912 in chips, $7.50 bounty) 
Maxi_AK_Yo: posts the ante 14
Gabrielfs13: posts the ante 14
onyedinma: posts the ante 14
Pg1rene: posts the ante 14
lumpyrice: posts the ante 14
Pamuphi: posts the ante 14
Alekseygrodno: posts the ante 14
C0mpetition: posts the ante 14
lumpyrice: posts small blind 45
Pamuphi: posts big blind 90
*** HOLE CARDS ***
Dealt to Gabrielfs13 [4s Ah]
Alekseygrodno: folds 
C0mpetition: folds 
Maxi_AK_Yo: folds 
Gabrielfs13: folds 
onyedinma: folds 
Pg1rene: raises 180 to 270
lumpyrice: calls 225
Pamuphi: calls 180
*** FLOP *** [Td Jd 6h]
lumpyrice: checks 
Pamuphi: checks 
Pg1rene: checks 
*** TURN *** [Td Jd 6h] [2h]
lumpyrice: checks 
Pamuphi: checks 
Pg1rene: checks 
*** RIVER *** [Td Jd 6h 2h] [Th]
lumpyrice: checks 
Pamuphi: bets 90
Pg1rene: folds 
lumpyrice: calls 90
*** SHOW DOWN ***
Pamuphi: shows [5d Kc] (a pair of Tens)
lumpyrice: shows [Js Ad] (two pair, Jacks and Tens)
lumpyrice collected 1102 from pot
*** SUMMARY ***
Total pot 1102 | Rake 0 
Board [Td Jd 6h 2h Th]
Seat 1: Maxi_AK_Yo folded before Flop (didn't bet)
Seat 2: Gabrielfs13 folded before Flop (didn't bet)
Seat 3: onyedinma folded before Flop (didn't bet)
Seat 4: Pg1rene (button) folded on the River
Seat 5: lumpyrice (small blind) showed [Js Ad] and won (1102) with two pair, Jacks and Tens
Seat 6: Pamuphi (big blind) showed [5d Kc] and lost with a pair of Tens
Seat 7: Alekseygrodno folded before Flop (didn't bet)
Seat 8: C0mpetition folded before Flop (didn't bet)



PokerStars Hand #257035850687: Tournament #3910308066, $7.20+$7.50+$1.80 USD Hold'em No Limit - Level V (45/90) - 2025/07/21 15:13:55 BRT [2025/07/21 14:13:55 ET]
Table '3910308066 114' 8-max Seat #5 is the button
Seat 1: Maxi_AK_Yo (5103 in chips, $7.50 bounty) 
Seat 2: Gabrielfs13 (5326 in chips, $7.50 bounty) 
Seat 3: onyedinma (3567 in chips, $7.50 bounty) 
Seat 4: Pg1rene (2615 in chips, $7.50 bounty) 
Seat 5: lumpyrice (5637 in chips, $7.50 bounty) 
Seat 6: Pamuphi (6358 in chips, $7.50 bounty) 
Seat 7: Alekseygrodno (7189 in chips, $7.50 bounty) 
Seat 8: C0mpetition (4898 in chips, $7.50 bounty) 
Maxi_AK_Yo: posts the ante 14
Gabrielfs13: posts the ante 14
onyedinma: posts the ante 14
Pg1rene: posts the ante 14
lumpyrice: posts the ante 14
Pamuphi: posts the ante 14
Alekseygrodno: posts the ante 14
C0mpetition: posts the ante 14
Pamuphi: posts small blind 45
Alekseygrodno: posts big blind 90
*** HOLE CARDS ***
Dealt to Gabrielfs13 [Ah Qh]
C0mpetition: folds 
Maxi_AK_Yo: folds 
Gabrielfs13: raises 90 to 180
onyedinma: calls 180
Pg1rene: folds 
lumpyrice: calls 180
Pamuphi: calls 135
Alekseygrodno: raises 1080 to 1260
Gabrielfs13: raises 4052 to 5312 and is all-in
onyedinma: folds 
lumpyrice: raises 311 to 5623 and is all-in
Pamuphi: folds 
Alekseygrodno: folds 
Uncalled bet (311) returned to lumpyrice
*** FLOP *** [Jh 4d Ts]
*** TURN *** [Jh 4d Ts] [3s]
*** RIVER *** [Jh 4d Ts 3s] [Th]
*** SHOW DOWN ***
Gabrielfs13: shows [Ah Qh] (a pair of Tens)
lumpyrice: shows [Kh Ks] (two pair, Kings and Tens)
lumpyrice collected 12356 from pot
lumpyrice wins $3.75 for eliminating Gabrielfs13 and their own bounty increases by $3.75 to $11.25
Gabrielfs13 finished the tournament
*** SUMMARY ***
Total pot 12356 | Rake 0 
Board [Jh 4d Ts 3s Th]
Seat 1: Maxi_AK_Yo folded before Flop (didn't bet)
Seat 2: Gabrielfs13 showed [Ah Qh] and lost with a pair of Tens
Seat 3: onyedinma folded before Flop
Seat 4: Pg1rene folded before Flop (didn't bet)
Seat 5: lumpyrice (button) showed [Kh Ks] and won (12356) with two pair, Kings and Tens
Seat 6: Pamuphi (small blind) folded before Flop
Seat 7: Alekseygrodno (big blind) folded before Flop
Seat 8: C0mpetition folded before Flop (didn't bet)



