PokerStars Hand #257417400421: Tournament #3918664722, $2.45+$2.45+$0.60 USD Hold'em No Limit - Level II (125/250) - 2025/08/20 13:42:40 BRT [2025/08/20 12:42:40 ET]
Table '3918664722 66' 8-max Seat #1 is the button
Seat 1: pijiador (26280 in chips, $2.45 bounty) 
Seat 2: Kaiser499 (25000 in chips) out of hand (moved from another table into small blind)
Seat 3: stutterman51 (49885 in chips, $3.67 bounty) 
Seat 4: sqmpork (22692 in chips, $2.45 bounty) 
Seat 5: shoxuk (27648 in chips, $2.45 bounty) 
Seat 6: Leo Borgheti (23185 in chips, $2.45 bounty) 
Seat 7: Backcelebrator (20615 in chips, $2.45 bounty) 
Seat 8: Gabrielfs13 (25000 in chips, $2.45 bounty) 
Kaiser499 will be allowed to play after the button
pijiador: posts the ante 30
stutterman51: posts the ante 30
sqmpork: posts the ante 30
shoxuk: posts the ante 30
Leo Borgheti: posts the ante 30
Backcelebrator: posts the ante 30
Gabrielfs13: posts the ante 30
stutterman51: posts small blind 125
sqmpork: posts big blind 250
*** HOLE CARDS ***
Dealt to Gabrielfs13 [Ks 5d]
shoxuk: folds 
Leo Borgheti: folds 
Backcelebrator: folds 
Gabrielfs13: folds 
pijiador: raises 325 to 575
stutterman51: folds 
sqmpork: calls 325
*** FLOP *** [6s Tc 2d]
sqmpork: checks 
pijiador: checks 
*** TURN *** [6s Tc 2d] [Ts]
sqmpork: bets 500
pijiador: calls 500
*** RIVER *** [6s Tc 2d Ts] [7c]
sqmpork: bets 820
pijiador: calls 820
*** SHOW DOWN ***
sqmpork: shows [6h Qh] (two pair, Tens and Sixes)
pijiador: mucks hand 
sqmpork collected 4125 from pot
*** SUMMARY ***
Total pot 4125 | Rake 0 
Board [6s Tc 2d Ts 7c]
Seat 1: pijiador (button) mucked [As Kc]
Seat 3: stutterman51 (small blind) folded before Flop
Seat 4: sqmpork (big blind) showed [6h Qh] and won (4125) with two pair, Tens and Sixes
Seat 5: shoxuk folded before Flop (didn't bet)
Seat 6: Leo Borgheti folded before Flop (didn't bet)
Seat 7: Backcelebrator folded before Flop (didn't bet)
Seat 8: Gabrielfs13 folded before Flop (didn't bet)



PokerStars Hand #257417414905: Tournament #3918664722, $2.45+$2.45+$0.60 USD Hold'em No Limit - Level II (125/250) - 2025/08/20 13:43:53 BRT [2025/08/20 12:43:53 ET]
Table '3918664722 66' 8-max Seat #3 is the button
Seat 1: pijiador (24355 in chips, $2.45 bounty) 
Seat 2: Kaiser499 (25000 in chips, $2.45 bounty) 
Seat 3: stutterman51 (49730 in chips, $3.67 bounty) 
Seat 4: sqmpork (24892 in chips, $2.45 bounty) 
Seat 5: shoxuk (27618 in chips, $2.45 bounty) 
Seat 6: Leo Borgheti (23155 in chips, $2.45 bounty) 
Seat 7: Backcelebrator (20585 in chips, $2.45 bounty) 
Seat 8: Gabrielfs13 (24970 in chips, $2.45 bounty) 
pijiador: posts the ante 30
Kaiser499: posts the ante 30
stutterman51: posts the ante 30
sqmpork: posts the ante 30
shoxuk: posts the ante 30
Leo Borgheti: posts the ante 30
Backcelebrator: posts the ante 30
Gabrielfs13: posts the ante 30
sqmpork: posts small blind 125
shoxuk: posts big blind 250
*** HOLE CARDS ***
Dealt to Gabrielfs13 [6h Jc]
Leo Borgheti: folds 
Backcelebrator: folds 
Gabrielfs13: folds 
pijiador: folds 
Kaiser499: folds 
stutterman51: raises 500 to 750
sqmpork: folds 
shoxuk: folds 
Uncalled bet (500) returned to stutterman51
stutterman51 collected 865 from pot
*** SUMMARY ***
Total pot 865 | Rake 0 
Seat 1: pijiador folded before Flop (didn't bet)
Seat 2: Kaiser499 folded before Flop (didn't bet)
Seat 3: stutterman51 (button) collected (865)
Seat 4: sqmpork (small blind) folded before Flop
Seat 5: shoxuk (big blind) folded before Flop
Seat 6: Leo Borgheti folded before Flop (didn't bet)
Seat 7: Backcelebrator folded before Flop (didn't bet)
Seat 8: Gabrielfs13 folded before Flop (didn't bet)



PokerStars Hand #257417420296: Tournament #3918664722, $2.45+$2.45+$0.60 USD Hold'em No Limit - Level II (125/250) - 2025/08/20 13:44:21 BRT [2025/08/20 12:44:21 ET]
Table '3918664722 66' 8-max Seat #4 is the button
Seat 1: pijiador (24325 in chips, $2.45 bounty) 
Seat 2: Kaiser499 (24970 in chips, $2.45 bounty) 
Seat 3: stutterman51 (50315 in chips, $3.67 bounty) 
Seat 4: sqmpork (24737 in chips, $2.45 bounty) 
Seat 5: shoxuk (27338 in chips, $2.45 bounty) 
Seat 6: Leo Borgheti (23125 in chips, $2.45 bounty) 
Seat 7: Backcelebrator (20555 in chips, $2.45 bounty) 
Seat 8: Gabrielfs13 (24940 in chips, $2.45 bounty) 
pijiador: posts the ante 30
Kaiser499: posts the ante 30
stutterman51: posts the ante 30
sqmpork: posts the ante 30
shoxuk: posts the ante 30
Leo Borgheti: posts the ante 30
Backcelebrator: posts the ante 30
Gabrielfs13: posts the ante 30
shoxuk: posts small blind 125
Leo Borgheti: posts big blind 250
*** HOLE CARDS ***
Dealt to Gabrielfs13 [Tc 8h]
Backcelebrator: folds 
Gabrielfs13: folds 
pijiador: folds 
Kaiser499: folds 
stutterman51: raises 500 to 750
sqmpork: calls 750
shoxuk: folds 
Leo Borgheti: folds 
*** FLOP *** [Kh Qc Ah]
stutterman51: bets 750
sqmpork: calls 750
*** TURN *** [Kh Qc Ah] [Qh]
stutterman51: checks 
sqmpork: bets 1193
stutterman51: folds 
Uncalled bet (1193) returned to sqmpork
sqmpork collected 3615 from pot
*** SUMMARY ***
Total pot 3615 | Rake 0 
Board [Kh Qc Ah Qh]
Seat 1: pijiador folded before Flop (didn't bet)
Seat 2: Kaiser499 folded before Flop (didn't bet)
Seat 3: stutterman51 folded on the Turn
Seat 4: sqmpork (button) collected (3615)
Seat 5: shoxuk (small blind) folded before Flop
Seat 6: Leo Borgheti (big blind) folded before Flop
Seat 7: Backcelebrator folded before Flop (didn't bet)
Seat 8: Gabrielfs13 folded before Flop (didn't bet)



PokerStars Hand #257417433272: Tournament #3918664722, $2.45+$2.45+$0.60 USD Hold'em No Limit - Level II (125/250) - 2025/08/20 13:45:27 BRT [2025/08/20 12:45:27 ET]
Table '3918664722 66' 8-max Seat #5 is the button
Seat 1: pijiador (24295 in chips, $2.45 bounty) 
Seat 2: Kaiser499 (24940 in chips, $2.45 bounty) 
Seat 3: stutterman51 (48785 in chips, $3.67 bounty) 
Seat 4: sqmpork (26822 in chips, $2.45 bounty) 
Seat 5: shoxuk (27183 in chips, $2.45 bounty) 
Seat 6: Leo Borgheti (22845 in chips, $2.45 bounty) 
Seat 7: Backcelebrator (20525 in chips, $2.45 bounty) 
Seat 8: Gabrielfs13 (24910 in chips, $2.45 bounty) 
pijiador: posts the ante 30
Kaiser499: posts the ante 30
stutterman51: posts the ante 30
sqmpork: posts the ante 30
shoxuk: posts the ante 30
Leo Borgheti: posts the ante 30
Backcelebrator: posts the ante 30
Gabrielfs13: posts the ante 30
Leo Borgheti: posts small blind 125
Backcelebrator: posts big blind 250
*** HOLE CARDS ***
Dealt to Gabrielfs13 [9s 5s]
Gabrielfs13: folds 
pijiador: raises 375 to 625
Kaiser499: calls 625
stutterman51: folds 
sqmpork: folds 
shoxuk: folds 
Leo Borgheti: raises 3125 to 3750
Backcelebrator: folds 
pijiador: folds 
Kaiser499: calls 3125
*** FLOP *** [7c Ks 7d]
Leo Borgheti: bets 2843
Kaiser499: calls 2843
*** TURN *** [7c Ks 7d] [7h]
Leo Borgheti: checks 
Kaiser499: bets 18317 and is all-in
Leo Borgheti: folds 
Uncalled bet (18317) returned to Kaiser499
Kaiser499 collected 14301 from pot
*** SUMMARY ***
Total pot 14301 | Rake 0 
Board [7c Ks 7d 7h]
Seat 1: pijiador folded before Flop
Seat 2: Kaiser499 collected (14301)
Seat 3: stutterman51 folded before Flop (didn't bet)
Seat 4: sqmpork folded before Flop (didn't bet)
Seat 5: shoxuk (button) folded before Flop (didn't bet)
Seat 6: Leo Borgheti (small blind) folded on the Turn
Seat 7: Backcelebrator (big blind) folded before Flop
Seat 8: Gabrielfs13 folded before Flop (didn't bet)



PokerStars Hand #257417450417: Tournament #3918664722, $2.45+$2.45+$0.60 USD Hold'em No Limit - Level III (150/300) - 2025/08/20 13:46:55 BRT [2025/08/20 12:46:55 ET]
Table '3918664722 66' 8-max Seat #6 is the button
Seat 1: pijiador (23640 in chips, $2.45 bounty) 
Seat 2: Kaiser499 (32618 in chips, $2.45 bounty) 
Seat 3: stutterman51 (48755 in chips, $3.67 bounty) 
Seat 4: sqmpork (26792 in chips, $2.45 bounty) 
Seat 5: shoxuk (27153 in chips, $2.45 bounty) 
Seat 6: Leo Borgheti (16222 in chips, $2.45 bounty) 
Seat 7: Backcelebrator (20245 in chips, $2.45 bounty) 
Seat 8: Gabrielfs13 (24880 in chips, $2.45 bounty) 
pijiador: posts the ante 40
Kaiser499: posts the ante 40
stutterman51: posts the ante 40
sqmpork: posts the ante 40
shoxuk: posts the ante 40
Leo Borgheti: posts the ante 40
Backcelebrator: posts the ante 40
Gabrielfs13: posts the ante 40
Backcelebrator: posts small blind 150
Gabrielfs13: posts big blind 300
*** HOLE CARDS ***
Dealt to Gabrielfs13 [9h Tc]
pijiador: raises 390 to 690
Kaiser499: calls 690
stutterman51: folds 
sqmpork: folds 
shoxuk: folds 
Leo Borgheti: folds 
Backcelebrator: folds 
Gabrielfs13: calls 390
*** FLOP *** [Qd 5c 2h]
Gabrielfs13: checks 
pijiador: bets 900
Kaiser499: folds 
Gabrielfs13: folds 
Uncalled bet (900) returned to pijiador
pijiador collected 2540 from pot
pijiador: doesn't show hand 
*** SUMMARY ***
Total pot 2540 | Rake 0 
Board [Qd 5c 2h]
Seat 1: pijiador collected (2540)
Seat 2: Kaiser499 folded on the Flop
Seat 3: stutterman51 folded before Flop (didn't bet)
Seat 4: sqmpork folded before Flop (didn't bet)
Seat 5: shoxuk folded before Flop (didn't bet)
Seat 6: Leo Borgheti (button) folded before Flop (didn't bet)
Seat 7: Backcelebrator (small blind) folded before Flop
Seat 8: Gabrielfs13 (big blind) folded on the Flop



PokerStars Hand #257417461664: Tournament #3918664722, $2.45+$2.45+$0.60 USD Hold'em No Limit - Level III (150/300) - 2025/08/20 13:47:51 BRT [2025/08/20 12:47:51 ET]
Table '3918664722 66' 8-max Seat #7 is the button
Seat 1: pijiador (25450 in chips, $2.45 bounty) 
Seat 2: Kaiser499 (31888 in chips, $2.45 bounty) 
Seat 3: stutterman51 (48715 in chips, $3.67 bounty) 
Seat 4: sqmpork (26752 in chips, $2.45 bounty) 
Seat 5: shoxuk (27113 in chips, $2.45 bounty) 
Seat 6: Leo Borgheti (16182 in chips, $2.45 bounty) 
Seat 7: Backcelebrator (20055 in chips, $2.45 bounty) 
Seat 8: Gabrielfs13 (24150 in chips, $2.45 bounty) 
pijiador: posts the ante 40
Kaiser499: posts the ante 40
stutterman51: posts the ante 40
sqmpork: posts the ante 40
shoxuk: posts the ante 40
Leo Borgheti: posts the ante 40
Backcelebrator: posts the ante 40
Gabrielfs13: posts the ante 40
Gabrielfs13: posts small blind 150
pijiador: posts big blind 300
*** HOLE CARDS ***
Dealt to Gabrielfs13 [4s 9s]
Kaiser499: calls 300
stutterman51: folds 
sqmpork: folds 
shoxuk: folds 
Leo Borgheti: folds 
Backcelebrator: folds 
Gabrielfs13: calls 150
pijiador: checks 
*** FLOP *** [2c 5c 4c]
Gabrielfs13: checks 
pijiador: checks 
Kaiser499: checks 
*** TURN *** [2c 5c 4c] [Th]
Gabrielfs13: checks 
pijiador: bets 300
Kaiser499: folds 
Gabrielfs13: calls 300
*** RIVER *** [2c 5c 4c Th] [7h]
Gabrielfs13: checks 
pijiador: checks 
*** SHOW DOWN ***
Gabrielfs13: shows [4s 9s] (a pair of Fours)
pijiador: shows [5d 3h] (a pair of Fives)
pijiador collected 1820 from pot
*** SUMMARY ***
Total pot 1820 | Rake 0 
Board [2c 5c 4c Th 7h]
Seat 1: pijiador (big blind) showed [5d 3h] and won (1820) with a pair of Fives
Seat 2: Kaiser499 folded on the Turn
Seat 3: stutterman51 folded before Flop (didn't bet)
Seat 4: sqmpork folded before Flop (didn't bet)
Seat 5: shoxuk folded before Flop (didn't bet)
Seat 6: Leo Borgheti folded before Flop (didn't bet)
Seat 7: Backcelebrator (button) folded before Flop (didn't bet)
Seat 8: Gabrielfs13 (small blind) showed [4s 9s] and lost with a pair of Fours



PokerStars Hand #257417484852: Tournament #3918664722, $2.45+$2.45+$0.60 USD Hold'em No Limit - Level III (150/300) - 2025/08/20 13:49:50 BRT [2025/08/20 12:49:50 ET]
Table '3918664722 66' 8-max Seat #8 is the button
Seat 1: pijiador (26630 in chips, $2.45 bounty) 
Seat 2: Kaiser499 (31548 in chips, $2.45 bounty) 
Seat 3: stutterman51 (48675 in chips, $3.67 bounty) 
Seat 4: sqmpork (26712 in chips, $2.45 bounty) 
Seat 5: shoxuk (27073 in chips, $2.45 bounty) 
Seat 6: Leo Borgheti (16142 in chips, $2.45 bounty) 
Seat 7: Backcelebrator (20015 in chips, $2.45 bounty) 
Seat 8: Gabrielfs13 (23510 in chips, $2.45 bounty) 
pijiador: posts the ante 40
Kaiser499: posts the ante 40
stutterman51: posts the ante 40
sqmpork: posts the ante 40
shoxuk: posts the ante 40
Leo Borgheti: posts the ante 40
Backcelebrator: posts the ante 40
Gabrielfs13: posts the ante 40
pijiador: posts small blind 150
Kaiser499: posts big blind 300
*** HOLE CARDS ***
Dealt to Gabrielfs13 [7h 2c]
stutterman51: folds 
sqmpork: folds 
shoxuk: folds 
Leo Borgheti: raises 300 to 600
Backcelebrator: folds 
Gabrielfs13: folds 
pijiador: raises 25990 to 26590 and is all-in
Kaiser499: folds 
Leo Borgheti: folds 
Uncalled bet (25990) returned to pijiador
pijiador collected 1820 from pot
pijiador: doesn't show hand 
*** SUMMARY ***
Total pot 1820 | Rake 0 
Seat 1: pijiador (small blind) collected (1820)
Seat 2: Kaiser499 (big blind) folded before Flop
Seat 3: stutterman51 folded before Flop (didn't bet)
Seat 4: sqmpork folded before Flop (didn't bet)
Seat 5: shoxuk folded before Flop (didn't bet)
Seat 6: Leo Borgheti folded before Flop
Seat 7: Backcelebrator folded before Flop (didn't bet)
Seat 8: Gabrielfs13 (button) folded before Flop (didn't bet)



PokerStars Hand #257417494833: Tournament #3918664722, $2.45+$2.45+$0.60 USD Hold'em No Limit - Level III (150/300) - 2025/08/20 13:50:41 BRT [2025/08/20 12:50:41 ET]
Table '3918664722 66' 8-max Seat #1 is the button
Seat 1: pijiador (27810 in chips, $2.45 bounty) 
Seat 2: Kaiser499 (31208 in chips, $2.45 bounty) 
Seat 3: stutterman51 (48635 in chips, $3.67 bounty) 
Seat 4: sqmpork (26672 in chips, $2.45 bounty) 
Seat 5: shoxuk (27033 in chips, $2.45 bounty) 
Seat 6: Leo Borgheti (15502 in chips, $2.45 bounty) 
Seat 7: Backcelebrator (19975 in chips, $2.45 bounty) 
Seat 8: Gabrielfs13 (23470 in chips, $2.45 bounty) 
pijiador: posts the ante 40
Kaiser499: posts the ante 40
stutterman51: posts the ante 40
sqmpork: posts the ante 40
shoxuk: posts the ante 40
Leo Borgheti: posts the ante 40
Backcelebrator: posts the ante 40
Gabrielfs13: posts the ante 40
Kaiser499: posts small blind 150
stutterman51: posts big blind 300
*** HOLE CARDS ***
Dealt to Gabrielfs13 [Qh 9s]
sqmpork: folds 
shoxuk: folds 
Leo Borgheti: folds 
Backcelebrator: folds 
Gabrielfs13: raises 300 to 600
pijiador: calls 600
Kaiser499: raises 1200 to 1800
stutterman51: folds 
Gabrielfs13: folds 
pijiador: calls 1200
*** FLOP *** [6h 9d Qd]
Kaiser499: bets 1800
pijiador: calls 1800
*** TURN *** [6h 9d Qd] [3d]
Kaiser499: bets 3600
pijiador: calls 3600
*** RIVER *** [6h 9d Qd 3d] [Ad]
Kaiser499: bets 4500
pijiador: raises 16070 to 20570 and is all-in
Kaiser499: calls 16070
*** SHOW DOWN ***
pijiador: shows [Js Qc] (a pair of Queens)
Kaiser499: shows [Jh As] (a pair of Aces)
Kaiser499 collected 56760 from pot
Kaiser499 wins $1.23 for eliminating pijiador and their own bounty increases by $1.22 to $3.67
pijiador finished the tournament
*** SUMMARY ***
Total pot 56760 | Rake 0 
Board [6h 9d Qd 3d Ad]
Seat 1: pijiador (button) showed [Js Qc] and lost with a pair of Queens
Seat 2: Kaiser499 (small blind) showed [Jh As] and won (56760) with a pair of Aces
Seat 3: stutterman51 (big blind) folded before Flop
Seat 4: sqmpork folded before Flop (didn't bet)
Seat 5: shoxuk folded before Flop (didn't bet)
Seat 6: Leo Borgheti folded before Flop (didn't bet)
Seat 7: Backcelebrator folded before Flop (didn't bet)
Seat 8: Gabrielfs13 folded before Flop



PokerStars Hand #257417505337: Tournament #3918664722, $2.45+$2.45+$0.60 USD Hold'em No Limit - Level III (150/300) - 2025/08/20 13:51:35 BRT [2025/08/20 12:51:35 ET]
Table '3918664722 66' 8-max Seat #2 is the button
Seat 2: Kaiser499 (60158 in chips, $3.67 bounty) 
Seat 3: stutterman51 (48295 in chips, $3.67 bounty) 
Seat 4: sqmpork (26632 in chips, $2.45 bounty) 
Seat 5: shoxuk (26993 in chips, $2.45 bounty) 
Seat 6: Leo Borgheti (15462 in chips, $2.45 bounty) 
Seat 7: Backcelebrator (19935 in chips, $2.45 bounty) 
Seat 8: Gabrielfs13 (22830 in chips, $2.45 bounty) 
Kaiser499: posts the ante 40
stutterman51: posts the ante 40
sqmpork: posts the ante 40
shoxuk: posts the ante 40
Leo Borgheti: posts the ante 40
Backcelebrator: posts the ante 40
Gabrielfs13: posts the ante 40
stutterman51: posts small blind 150
sqmpork: posts big blind 300
*** HOLE CARDS ***
Dealt to Gabrielfs13 [9c Ks]
Priscilasp92 is disconnected 
shoxuk: folds 
Leo Borgheti: folds 
Backcelebrator: raises 390 to 690
Gabrielfs13: folds 
Kaiser499: folds 
stutterman51: folds 
sqmpork: calls 390
*** FLOP *** [Jc 9d 8d]
sqmpork: checks 
Backcelebrator has timed out
Backcelebrator: checks 
*** TURN *** [Jc 9d 8d] [6d]
sqmpork: checks 
Backcelebrator: bets 1448
sqmpork: folds 
Uncalled bet (1448) returned to Backcelebrator
Backcelebrator collected 1810 from pot
Backcelebrator: doesn't show hand 
*** SUMMARY ***
Total pot 1810 | Rake 0 
Board [Jc 9d 8d 6d]
Seat 2: Kaiser499 (button) folded before Flop (didn't bet)
Seat 3: stutterman51 (small blind) folded before Flop
Seat 4: sqmpork (big blind) folded on the Turn
Seat 5: shoxuk folded before Flop (didn't bet)
Seat 6: Leo Borgheti folded before Flop (didn't bet)
Seat 7: Backcelebrator collected (1810)
Seat 8: Gabrielfs13 folded before Flop (didn't bet)



PokerStars Hand #257417524562: Tournament #3918664722, $2.45+$2.45+$0.60 USD Hold'em No Limit - Level III (150/300) - 2025/08/20 13:53:14 BRT [2025/08/20 12:53:14 ET]
Table '3918664722 66' 8-max Seat #3 is the button
Seat 1: Priscilasp92 (25000 in chips, $2.45 bounty) 
Seat 2: Kaiser499 (60118 in chips, $3.67 bounty) 
Seat 3: stutterman51 (48105 in chips, $3.67 bounty) 
Seat 4: sqmpork (25902 in chips, $2.45 bounty) 
Seat 5: shoxuk (26953 in chips, $2.45 bounty) 
Seat 6: Leo Borgheti (15422 in chips, $2.45 bounty) 
Seat 7: Backcelebrator (21015 in chips, $2.45 bounty) 
Seat 8: Gabrielfs13 (22790 in chips, $2.45 bounty) 
Priscilasp92: posts the ante 40
Kaiser499: posts the ante 40
stutterman51: posts the ante 40
sqmpork: posts the ante 40
shoxuk: posts the ante 40
Leo Borgheti: posts the ante 40
Backcelebrator: posts the ante 40
Gabrielfs13: posts the ante 40
sqmpork: posts small blind 150
shoxuk: posts big blind 300
*** HOLE CARDS ***
Dealt to Gabrielfs13 [4h 8s]
Leo Borgheti: folds 
Backcelebrator: raises 390 to 690
Gabrielfs13: folds 
Priscilasp92: folds 
Kaiser499: calls 690
stutterman51: folds 
sqmpork: folds 
shoxuk: calls 390
*** FLOP *** [7s 8h Kd]
shoxuk: checks 
Backcelebrator: checks 
Kaiser499: checks 
*** TURN *** [7s 8h Kd] [7c]
shoxuk: checks 
Backcelebrator: bets 838
Kaiser499: folds 
shoxuk: folds 
Uncalled bet (838) returned to Backcelebrator
Backcelebrator collected 2540 from pot
Backcelebrator: doesn't show hand 
*** SUMMARY ***
Total pot 2540 | Rake 0 
Board [7s 8h Kd 7c]
Seat 1: Priscilasp92 folded before Flop (didn't bet)
Seat 2: Kaiser499 folded on the Turn
Seat 3: stutterman51 (button) folded before Flop (didn't bet)
Seat 4: sqmpork (small blind) folded before Flop
Seat 5: shoxuk (big blind) folded on the Turn
Seat 6: Leo Borgheti folded before Flop (didn't bet)
Seat 7: Backcelebrator collected (2540)
Seat 8: Gabrielfs13 folded before Flop (didn't bet)



PokerStars Hand #257417536844: Tournament #3918664722, $2.45+$2.45+$0.60 USD Hold'em No Limit - Level IV (175/350) - 2025/08/20 13:54:17 BRT [2025/08/20 12:54:17 ET]
Table '3918664722 66' 8-max Seat #4 is the button
Seat 1: Priscilasp92 (24960 in chips, $2.45 bounty) 
Seat 2: Kaiser499 (59388 in chips, $3.67 bounty) 
Seat 3: stutterman51 (48065 in chips, $3.67 bounty) 
Seat 4: sqmpork (25712 in chips, $2.45 bounty) 
Seat 5: shoxuk (26223 in chips, $2.45 bounty) 
Seat 7: Backcelebrator (22825 in chips, $2.45 bounty) 
Seat 8: Gabrielfs13 (22750 in chips, $2.45 bounty) 
Priscilasp92: posts the ante 50
Kaiser499: posts the ante 50
stutterman51: posts the ante 50
sqmpork: posts the ante 50
shoxuk: posts the ante 50
Backcelebrator: posts the ante 50
Gabrielfs13: posts the ante 50
shoxuk: posts small blind 175
Backcelebrator: posts big blind 350
*** HOLE CARDS ***
Dealt to Gabrielfs13 [8h Qs]
Gabrielfs13: folds 
Priscilasp92: folds 
Kaiser499: folds 
stutterman51: raises 350 to 700
sqmpork: folds 
shoxuk: folds 
Backcelebrator: folds 
Uncalled bet (350) returned to stutterman51
stutterman51 collected 1225 from pot
*** SUMMARY ***
Total pot 1225 | Rake 0 
Seat 1: Priscilasp92 folded before Flop (didn't bet)
Seat 2: Kaiser499 folded before Flop (didn't bet)
Seat 3: stutterman51 collected (1225)
Seat 4: sqmpork (button) folded before Flop (didn't bet)
Seat 5: shoxuk (small blind) folded before Flop
Seat 7: Backcelebrator (big blind) folded before Flop
Seat 8: Gabrielfs13 folded before Flop (didn't bet)



PokerStars Hand #257417541991: Tournament #3918664722, $2.45+$2.45+$0.60 USD Hold'em No Limit - Level IV (175/350) - 2025/08/20 13:54:44 BRT [2025/08/20 12:54:44 ET]
Table '3918664722 66' 8-max Seat #5 is the button
Seat 1: Priscilasp92 (24910 in chips, $2.45 bounty) 
Seat 2: Kaiser499 (59338 in chips, $3.67 bounty) 
Seat 3: stutterman51 (48890 in chips, $3.67 bounty) 
Seat 4: sqmpork (25662 in chips, $2.45 bounty) 
Seat 5: shoxuk (25998 in chips, $2.45 bounty) 
Seat 6: xmz rick (25000 in chips) out of hand (moved from another table into small blind)
Seat 7: Backcelebrator (22425 in chips, $2.45 bounty) 
Seat 8: Gabrielfs13 (22700 in chips, $2.45 bounty) 
xmz rick will be allowed to play after the button
Priscilasp92: posts the ante 50
Kaiser499: posts the ante 50
stutterman51: posts the ante 50
sqmpork: posts the ante 50
shoxuk: posts the ante 50
Backcelebrator: posts the ante 50
Gabrielfs13: posts the ante 50
Backcelebrator: posts small blind 175
Gabrielfs13: posts big blind 350
*** HOLE CARDS ***
Dealt to Gabrielfs13 [9c Kh]
Priscilasp92: folds 
Kaiser499: folds 
stutterman51: folds 
sqmpork: raises 385 to 735
shoxuk: folds 
Backcelebrator: raises 2415 to 3150
Gabrielfs13: folds 
sqmpork: folds 
Uncalled bet (2415) returned to Backcelebrator
Backcelebrator collected 2170 from pot
Backcelebrator: doesn't show hand 
*** SUMMARY ***
Total pot 2170 | Rake 0 
Seat 1: Priscilasp92 folded before Flop (didn't bet)
Seat 2: Kaiser499 folded before Flop (didn't bet)
Seat 3: stutterman51 folded before Flop (didn't bet)
Seat 4: sqmpork folded before Flop
Seat 5: shoxuk (button) folded before Flop (didn't bet)
Seat 7: Backcelebrator (small blind) collected (2170)
Seat 8: Gabrielfs13 (big blind) folded before Flop



PokerStars Hand #257417615834: Tournament #3918664722, $2.45+$2.45+$0.60 USD Hold'em No Limit - Level IV (175/350) - 2025/08/20 14:02:42 BRT [2025/08/20 13:02:42 ET]
Table '3918664722 115' 8-max Seat #1 is the button
Seat 1: Freaky Sam (50940 in chips, $3.67 bounty) 
Seat 2: AAKKULAA (16878 in chips, $2.45 bounty) 
Seat 3: matheusflo75 (32870 in chips, $2.45 bounty) 
Seat 4: hyder2006 (22270 in chips, $2.45 bounty) 
Seat 5: Gabrielfs13 (22300 in chips, $2.45 bounty) 
Seat 6: volvoc701999 (41558 in chips, $2.45 bounty) 
Seat 7: BELARUS_Polak (18799 in chips, $2.45 bounty) 
Seat 8: I7aJIaguHkA (25000 in chips, $2.45 bounty) 
Freaky Sam: posts the ante 50
AAKKULAA: posts the ante 50
matheusflo75: posts the ante 50
hyder2006: posts the ante 50
Gabrielfs13: posts the ante 50
volvoc701999: posts the ante 50
BELARUS_Polak: posts the ante 50
I7aJIaguHkA: posts the ante 50
AAKKULAA: posts small blind 175
matheusflo75: posts big blind 350
*** HOLE CARDS ***
Dealt to Gabrielfs13 [4c As]
hyder2006: folds 
Gabrielfs13: folds 
volvoc701999: folds 
BELARUS_Polak: folds 
I7aJIaguHkA: folds 
Freaky Sam: folds 
AAKKULAA: calls 175
matheusflo75: raises 875 to 1225
AAKKULAA: folds 
Uncalled bet (875) returned to matheusflo75
matheusflo75 collected 1100 from pot
matheusflo75: doesn't show hand 
*** SUMMARY ***
Total pot 1100 | Rake 0 
Seat 1: Freaky Sam (button) folded before Flop (didn't bet)
Seat 2: AAKKULAA (small blind) folded before Flop
Seat 3: matheusflo75 (big blind) collected (1100)
Seat 4: hyder2006 folded before Flop (didn't bet)
Seat 5: Gabrielfs13 folded before Flop (didn't bet)
Seat 6: volvoc701999 folded before Flop (didn't bet)
Seat 7: BELARUS_Polak folded before Flop (didn't bet)
Seat 8: I7aJIaguHkA folded before Flop (didn't bet)



PokerStars Hand #257417621659: Tournament #3918664722, $2.45+$2.45+$0.60 USD Hold'em No Limit - Level IV (175/350) - 2025/08/20 14:03:12 BRT [2025/08/20 13:03:12 ET]
Table '3918664722 115' 8-max Seat #2 is the button
Seat 1: Freaky Sam (50890 in chips, $3.67 bounty) 
Seat 2: AAKKULAA (16478 in chips, $2.45 bounty) 
Seat 3: matheusflo75 (33570 in chips, $2.45 bounty) 
Seat 4: hyder2006 (22220 in chips, $2.45 bounty) 
Seat 5: Gabrielfs13 (22250 in chips, $2.45 bounty) 
Seat 6: volvoc701999 (41508 in chips, $2.45 bounty) 
Seat 7: BELARUS_Polak (18749 in chips, $2.45 bounty) 
Seat 8: I7aJIaguHkA (24950 in chips, $2.45 bounty) 
Freaky Sam: posts the ante 50
AAKKULAA: posts the ante 50
matheusflo75: posts the ante 50
hyder2006: posts the ante 50
Gabrielfs13: posts the ante 50
volvoc701999: posts the ante 50
BELARUS_Polak: posts the ante 50
I7aJIaguHkA: posts the ante 50
matheusflo75: posts small blind 175
hyder2006: posts big blind 350
*** HOLE CARDS ***
Dealt to Gabrielfs13 [3c Ad]
Gabrielfs13: folds 
volvoc701999: folds 
BELARUS_Polak: folds 
I7aJIaguHkA: folds 
Freaky Sam: folds 
AAKKULAA: folds 
matheusflo75: calls 175
hyder2006: checks 
*** FLOP *** [9d 7h Qd]
matheusflo75: bets 350
hyder2006: calls 350
*** TURN *** [9d 7h Qd] [8c]
matheusflo75: bets 1350
hyder2006: calls 1350
*** RIVER *** [9d 7h Qd 8c] [5c]
matheusflo75: checks 
hyder2006: checks 
*** SHOW DOWN ***
matheusflo75: shows [8s Jd] (a pair of Eights)
hyder2006: mucks hand 
matheusflo75 collected 4500 from pot
*** SUMMARY ***
Total pot 4500 | Rake 0 
Board [9d 7h Qd 8c 5c]
Seat 1: Freaky Sam folded before Flop (didn't bet)
Seat 2: AAKKULAA (button) folded before Flop (didn't bet)
Seat 3: matheusflo75 (small blind) showed [8s Jd] and won (4500) with a pair of Eights
Seat 4: hyder2006 (big blind) mucked [Ac Th]
Seat 5: Gabrielfs13 folded before Flop (didn't bet)
Seat 6: volvoc701999 folded before Flop (didn't bet)
Seat 7: BELARUS_Polak folded before Flop (didn't bet)
Seat 8: I7aJIaguHkA folded before Flop (didn't bet)



PokerStars Hand #257417635185: Tournament #3918664722, $2.45+$2.45+$0.60 USD Hold'em No Limit - Level IV (175/350) - 2025/08/20 14:04:20 BRT [2025/08/20 13:04:20 ET]
Table '3918664722 115' 8-max Seat #3 is the button
Seat 1: Freaky Sam (50840 in chips, $3.67 bounty) 
Seat 2: AAKKULAA (16428 in chips, $2.45 bounty) 
Seat 3: matheusflo75 (35970 in chips, $2.45 bounty) 
Seat 4: hyder2006 (20120 in chips, $2.45 bounty) 
Seat 5: Gabrielfs13 (22200 in chips, $2.45 bounty) 
Seat 6: volvoc701999 (41458 in chips, $2.45 bounty) 
Seat 7: BELARUS_Polak (18699 in chips, $2.45 bounty) 
Seat 8: I7aJIaguHkA (24900 in chips, $2.45 bounty) 
Freaky Sam: posts the ante 50
AAKKULAA: posts the ante 50
matheusflo75: posts the ante 50
hyder2006: posts the ante 50
Gabrielfs13: posts the ante 50
volvoc701999: posts the ante 50
BELARUS_Polak: posts the ante 50
I7aJIaguHkA: posts the ante 50
hyder2006: posts small blind 175
Gabrielfs13: posts big blind 350
*** HOLE CARDS ***
Dealt to Gabrielfs13 [Ts Kd]
volvoc701999: folds 
BELARUS_Polak: folds 
I7aJIaguHkA: raises 420 to 770
Freaky Sam: calls 770
AAKKULAA: folds 
matheusflo75: folds 
hyder2006: folds 
Gabrielfs13: calls 420
*** FLOP *** [Tc Ac 7c]
Gabrielfs13: checks 
I7aJIaguHkA: bets 1443
Freaky Sam: folds 
Gabrielfs13: folds 
Uncalled bet (1443) returned to I7aJIaguHkA
I7aJIaguHkA collected 2885 from pot
*** SUMMARY ***
Total pot 2885 | Rake 0 
Board [Tc Ac 7c]
Seat 1: Freaky Sam folded on the Flop
Seat 2: AAKKULAA folded before Flop (didn't bet)
Seat 3: matheusflo75 (button) folded before Flop (didn't bet)
Seat 4: hyder2006 (small blind) folded before Flop
Seat 5: Gabrielfs13 (big blind) folded on the Flop
Seat 6: volvoc701999 folded before Flop (didn't bet)
Seat 7: BELARUS_Polak folded before Flop (didn't bet)
Seat 8: I7aJIaguHkA collected (2885)



PokerStars Hand #257417648545: Tournament #3918664722, $2.45+$2.45+$0.60 USD Hold'em No Limit - Level IV (175/350) - 2025/08/20 14:05:27 BRT [2025/08/20 13:05:27 ET]
Table '3918664722 115' 8-max Seat #4 is the button
Seat 1: Freaky Sam (50020 in chips, $3.67 bounty) 
Seat 2: AAKKULAA (16378 in chips, $2.45 bounty) 
Seat 3: matheusflo75 (35920 in chips, $2.45 bounty) 
Seat 4: hyder2006 (19895 in chips, $2.45 bounty) 
Seat 5: Gabrielfs13 (21380 in chips, $2.45 bounty) 
Seat 6: volvoc701999 (41408 in chips, $2.45 bounty) 
Seat 7: BELARUS_Polak (18649 in chips, $2.45 bounty) 
Seat 8: I7aJIaguHkA (26965 in chips, $2.45 bounty) 
Freaky Sam: posts the ante 50
AAKKULAA: posts the ante 50
matheusflo75: posts the ante 50
hyder2006: posts the ante 50
Gabrielfs13: posts the ante 50
volvoc701999: posts the ante 50
BELARUS_Polak: posts the ante 50
I7aJIaguHkA: posts the ante 50
Gabrielfs13: posts small blind 175
volvoc701999: posts big blind 350
*** HOLE CARDS ***
Dealt to Gabrielfs13 [As 6d]
BELARUS_Polak: raises 350 to 700
I7aJIaguHkA: folds 
Freaky Sam: folds 
AAKKULAA: folds 
matheusflo75: folds 
hyder2006: folds 
Gabrielfs13: folds 
volvoc701999: folds 
Uncalled bet (350) returned to BELARUS_Polak
BELARUS_Polak collected 1275 from pot
BELARUS_Polak: doesn't show hand 
*** SUMMARY ***
Total pot 1275 | Rake 0 
Seat 1: Freaky Sam folded before Flop (didn't bet)
Seat 2: AAKKULAA folded before Flop (didn't bet)
Seat 3: matheusflo75 folded before Flop (didn't bet)
Seat 4: hyder2006 (button) folded before Flop (didn't bet)
Seat 5: Gabrielfs13 (small blind) folded before Flop
Seat 6: volvoc701999 (big blind) folded before Flop
Seat 7: BELARUS_Polak collected (1275)
Seat 8: I7aJIaguHkA folded before Flop (didn't bet)



PokerStars Hand #257417653186: Tournament #3918664722, $2.45+$2.45+$0.60 USD Hold'em No Limit - Level IV (175/350) - 2025/08/20 14:05:50 BRT [2025/08/20 13:05:50 ET]
Table '3918664722 115' 8-max Seat #5 is the button
Seat 1: Freaky Sam (49970 in chips, $3.67 bounty) 
Seat 2: AAKKULAA (16328 in chips, $2.45 bounty) 
Seat 3: matheusflo75 (35870 in chips, $2.45 bounty) 
Seat 4: hyder2006 (19845 in chips, $2.45 bounty) 
Seat 5: Gabrielfs13 (21155 in chips, $2.45 bounty) 
Seat 6: volvoc701999 (41008 in chips, $2.45 bounty) 
Seat 7: BELARUS_Polak (19524 in chips, $2.45 bounty) 
Seat 8: I7aJIaguHkA (26915 in chips, $2.45 bounty) 
Freaky Sam: posts the ante 50
AAKKULAA: posts the ante 50
matheusflo75: posts the ante 50
hyder2006: posts the ante 50
Gabrielfs13: posts the ante 50
volvoc701999: posts the ante 50
BELARUS_Polak: posts the ante 50
I7aJIaguHkA: posts the ante 50
volvoc701999: posts small blind 175
BELARUS_Polak: posts big blind 350
*** HOLE CARDS ***
Dealt to Gabrielfs13 [4d 5h]
I7aJIaguHkA: folds 
Freaky Sam: folds 
AAKKULAA: folds 
matheusflo75: folds 
hyder2006: calls 350
Gabrielfs13: folds 
volvoc701999: folds 
BELARUS_Polak: raises 1925 to 2275
hyder2006: folds 
Uncalled bet (1925) returned to BELARUS_Polak
BELARUS_Polak collected 1275 from pot
BELARUS_Polak: doesn't show hand 
*** SUMMARY ***
Total pot 1275 | Rake 0 
Seat 1: Freaky Sam folded before Flop (didn't bet)
Seat 2: AAKKULAA folded before Flop (didn't bet)
Seat 3: matheusflo75 folded before Flop (didn't bet)
Seat 4: hyder2006 folded before Flop
Seat 5: Gabrielfs13 (button) folded before Flop (didn't bet)
Seat 6: volvoc701999 (small blind) folded before Flop
Seat 7: BELARUS_Polak (big blind) collected (1275)
Seat 8: I7aJIaguHkA folded before Flop (didn't bet)



PokerStars Hand #257417663673: Tournament #3918664722, $2.45+$2.45+$0.60 USD Hold'em No Limit - Level IV (175/350) - 2025/08/20 14:06:43 BRT [2025/08/20 13:06:43 ET]
Table '3918664722 115' 8-max Seat #6 is the button
Seat 1: Freaky Sam (49920 in chips, $3.67 bounty) 
Seat 2: AAKKULAA (16278 in chips, $2.45 bounty) 
Seat 3: matheusflo75 (35820 in chips, $2.45 bounty) 
Seat 4: hyder2006 (19445 in chips, $2.45 bounty) 
Seat 5: Gabrielfs13 (21105 in chips, $2.45 bounty) 
Seat 6: volvoc701999 (40783 in chips, $2.45 bounty) 
Seat 7: BELARUS_Polak (20399 in chips, $2.45 bounty) 
Seat 8: I7aJIaguHkA (26865 in chips, $2.45 bounty) 
Freaky Sam: posts the ante 50
AAKKULAA: posts the ante 50
matheusflo75: posts the ante 50
hyder2006: posts the ante 50
Gabrielfs13: posts the ante 50
volvoc701999: posts the ante 50
BELARUS_Polak: posts the ante 50
I7aJIaguHkA: posts the ante 50
BELARUS_Polak: posts small blind 175
I7aJIaguHkA: posts big blind 350
*** HOLE CARDS ***
Dealt to Gabrielfs13 [9d 8c]
Freaky Sam: raises 350 to 700
AAKKULAA: folds 
matheusflo75: folds 
hyder2006: folds 
Gabrielfs13: folds 
volvoc701999: folds 
BELARUS_Polak: calls 525
I7aJIaguHkA: folds 
*** FLOP *** [Js As Qc]
BELARUS_Polak: checks 
Freaky Sam: checks 
*** TURN *** [Js As Qc] [Jd]
BELARUS_Polak: checks 
Freaky Sam: checks 
*** RIVER *** [Js As Qc Jd] [5s]
BELARUS_Polak: bets 1075
Freaky Sam: raises 48095 to 49170 and is all-in
BELARUS_Polak: folds 
Uncalled bet (48095) returned to Freaky Sam
Freaky Sam collected 4300 from pot
Freaky Sam: doesn't show hand 
*** SUMMARY ***
Total pot 4300 | Rake 0 
Board [Js As Qc Jd 5s]
Seat 1: Freaky Sam collected (4300)
Seat 2: AAKKULAA folded before Flop (didn't bet)
Seat 3: matheusflo75 folded before Flop (didn't bet)
Seat 4: hyder2006 folded before Flop (didn't bet)
Seat 5: Gabrielfs13 folded before Flop (didn't bet)
Seat 6: volvoc701999 (button) folded before Flop (didn't bet)
Seat 7: BELARUS_Polak (small blind) folded on the River
Seat 8: I7aJIaguHkA (big blind) folded before Flop



PokerStars Hand #257417674565: Tournament #3918664722, $2.45+$2.45+$0.60 USD Hold'em No Limit - Level IV (175/350) - 2025/08/20 14:07:37 BRT [2025/08/20 13:07:37 ET]
Table '3918664722 115' 8-max Seat #7 is the button
Seat 1: Freaky Sam (52395 in chips, $3.67 bounty) 
Seat 2: AAKKULAA (16228 in chips, $2.45 bounty) 
Seat 3: matheusflo75 (35770 in chips, $2.45 bounty) 
Seat 4: hyder2006 (19395 in chips, $2.45 bounty) 
Seat 5: Gabrielfs13 (21055 in chips, $2.45 bounty) 
Seat 6: volvoc701999 (40733 in chips, $2.45 bounty) 
Seat 7: BELARUS_Polak (18574 in chips, $2.45 bounty) 
Seat 8: I7aJIaguHkA (26465 in chips, $2.45 bounty) 
Freaky Sam: posts the ante 50
AAKKULAA: posts the ante 50
matheusflo75: posts the ante 50
hyder2006: posts the ante 50
Gabrielfs13: posts the ante 50
volvoc701999: posts the ante 50
BELARUS_Polak: posts the ante 50
I7aJIaguHkA: posts the ante 50
I7aJIaguHkA: posts small blind 175
Freaky Sam: posts big blind 350
*** HOLE CARDS ***
Dealt to Gabrielfs13 [Jc 7h]
AAKKULAA: folds 
matheusflo75: folds 
hyder2006: folds 
Gabrielfs13: folds 
volvoc701999: raises 350 to 700
BELARUS_Polak: calls 700
I7aJIaguHkA: calls 525
Freaky Sam: folds 
*** FLOP *** [Kh 4c Qs]
I7aJIaguHkA: checks 
volvoc701999: bets 2850
BELARUS_Polak: folds 
I7aJIaguHkA: folds 
Uncalled bet (2850) returned to volvoc701999
volvoc701999 collected 2850 from pot
volvoc701999: doesn't show hand 
*** SUMMARY ***
Total pot 2850 | Rake 0 
Board [Kh 4c Qs]
Seat 1: Freaky Sam (big blind) folded before Flop
Seat 2: AAKKULAA folded before Flop (didn't bet)
Seat 3: matheusflo75 folded before Flop (didn't bet)
Seat 4: hyder2006 folded before Flop (didn't bet)
Seat 5: Gabrielfs13 folded before Flop (didn't bet)
Seat 6: volvoc701999 collected (2850)
Seat 7: BELARUS_Polak (button) folded on the Flop
Seat 8: I7aJIaguHkA (small blind) folded on the Flop



PokerStars Hand #257417692460: Tournament #3918664722, $2.45+$2.45+$0.60 USD Hold'em No Limit - Level IV (175/350) - 2025/08/20 14:09:06 BRT [2025/08/20 13:09:06 ET]
Table '3918664722 115' 8-max Seat #8 is the button
Seat 1: Freaky Sam (51995 in chips, $3.67 bounty) 
Seat 2: AAKKULAA (16178 in chips, $2.45 bounty) 
Seat 3: matheusflo75 (35720 in chips, $2.45 bounty) 
Seat 4: hyder2006 (19345 in chips, $2.45 bounty) 
Seat 5: Gabrielfs13 (21005 in chips, $2.45 bounty) 
Seat 6: volvoc701999 (42833 in chips, $2.45 bounty) 
Seat 7: BELARUS_Polak (17824 in chips, $2.45 bounty) 
Seat 8: I7aJIaguHkA (25715 in chips, $2.45 bounty) 
Freaky Sam: posts the ante 50
AAKKULAA: posts the ante 50
matheusflo75: posts the ante 50
hyder2006: posts the ante 50
Gabrielfs13: posts the ante 50
volvoc701999: posts the ante 50
BELARUS_Polak: posts the ante 50
I7aJIaguHkA: posts the ante 50
Freaky Sam: posts small blind 175
AAKKULAA: posts big blind 350
*** HOLE CARDS ***
Dealt to Gabrielfs13 [Qc 9h]
matheusflo75: folds 
hyder2006: calls 350
Gabrielfs13: folds 
volvoc701999: folds 
BELARUS_Polak: folds 
I7aJIaguHkA: folds 
Freaky Sam: folds 
AAKKULAA: checks 
*** FLOP *** [8c Kc Td]
AAKKULAA: checks 
hyder2006: bets 638
AAKKULAA: calls 638
*** TURN *** [8c Kc Td] [6h]
AAKKULAA: checks 
hyder2006: checks 
*** RIVER *** [8c Kc Td 6h] [Ts]
AAKKULAA: checks 
hyder2006: checks 
*** SHOW DOWN ***
AAKKULAA: shows [6c 7c] (two pair, Tens and Sixes)
hyder2006: mucks hand 
AAKKULAA collected 2551 from pot
*** SUMMARY ***
Total pot 2551 | Rake 0 
Board [8c Kc Td 6h Ts]
Seat 1: Freaky Sam (small blind) folded before Flop
Seat 2: AAKKULAA (big blind) showed [6c 7c] and won (2551) with two pair, Tens and Sixes
Seat 3: matheusflo75 folded before Flop (didn't bet)
Seat 4: hyder2006 mucked [9s Js]
Seat 5: Gabrielfs13 folded before Flop (didn't bet)
Seat 6: volvoc701999 folded before Flop (didn't bet)
Seat 7: BELARUS_Polak folded before Flop (didn't bet)
Seat 8: I7aJIaguHkA (button) folded before Flop (didn't bet)



PokerStars Hand #257417704837: Tournament #3918664722, $2.45+$2.45+$0.60 USD Hold'em No Limit - Level V (200/400) - 2025/08/20 14:10:07 BRT [2025/08/20 13:10:07 ET]
Table '3918664722 115' 8-max Seat #1 is the button
Seat 1: Freaky Sam (51770 in chips, $3.67 bounty) 
Seat 2: AAKKULAA (17691 in chips, $2.45 bounty) 
Seat 3: matheusflo75 (35670 in chips, $2.45 bounty) 
Seat 4: hyder2006 (18307 in chips, $2.45 bounty) 
Seat 5: Gabrielfs13 (20955 in chips, $2.45 bounty) 
Seat 6: volvoc701999 (42783 in chips, $2.45 bounty) 
Seat 7: BELARUS_Polak (17774 in chips, $2.45 bounty) 
Seat 8: I7aJIaguHkA (25665 in chips, $2.45 bounty) 
Freaky Sam: posts the ante 60
AAKKULAA: posts the ante 60
matheusflo75: posts the ante 60
hyder2006: posts the ante 60
Gabrielfs13: posts the ante 60
volvoc701999: posts the ante 60
BELARUS_Polak: posts the ante 60
I7aJIaguHkA: posts the ante 60
AAKKULAA: posts small blind 200
matheusflo75: posts big blind 400
*** HOLE CARDS ***
Dealt to Gabrielfs13 [6d Jh]
hyder2006: calls 400
Gabrielfs13: folds 
volvoc701999: folds 
BELARUS_Polak: folds 
I7aJIaguHkA: folds 
Freaky Sam: folds 
AAKKULAA: calls 200
matheusflo75: checks 
*** FLOP *** [Jc 8s 7d]
AAKKULAA: checks 
matheusflo75: checks 
hyder2006: checks 
*** TURN *** [Jc 8s 7d] [Tc]
AAKKULAA: bets 840
matheusflo75: folds 
hyder2006: folds 
Uncalled bet (840) returned to AAKKULAA
AAKKULAA collected 1680 from pot
*** SUMMARY ***
Total pot 1680 | Rake 0 
Board [Jc 8s 7d Tc]
Seat 1: Freaky Sam (button) folded before Flop (didn't bet)
Seat 2: AAKKULAA (small blind) collected (1680)
Seat 3: matheusflo75 (big blind) folded on the Turn
Seat 4: hyder2006 folded on the Turn
Seat 5: Gabrielfs13 folded before Flop (didn't bet)
Seat 6: volvoc701999 folded before Flop (didn't bet)
Seat 7: BELARUS_Polak folded before Flop (didn't bet)
Seat 8: I7aJIaguHkA folded before Flop (didn't bet)



PokerStars Hand #257417720213: Tournament #3918664722, $2.45+$2.45+$0.60 USD Hold'em No Limit - Level V (200/400) - 2025/08/20 14:11:24 BRT [2025/08/20 13:11:24 ET]
Table '3918664722 115' 8-max Seat #2 is the button
Seat 1: Freaky Sam (51710 in chips, $3.67 bounty) 
Seat 2: AAKKULAA (18911 in chips, $2.45 bounty) 
Seat 3: matheusflo75 (35210 in chips, $2.45 bounty) 
Seat 4: hyder2006 (17847 in chips, $2.45 bounty) 
Seat 5: Gabrielfs13 (20895 in chips, $2.45 bounty) 
Seat 6: volvoc701999 (42723 in chips, $2.45 bounty) 
Seat 7: BELARUS_Polak (17714 in chips, $2.45 bounty) 
Seat 8: I7aJIaguHkA (25605 in chips, $2.45 bounty) 
Freaky Sam: posts the ante 60
AAKKULAA: posts the ante 60
matheusflo75: posts the ante 60
hyder2006: posts the ante 60
Gabrielfs13: posts the ante 60
volvoc701999: posts the ante 60
BELARUS_Polak: posts the ante 60
I7aJIaguHkA: posts the ante 60
matheusflo75: posts small blind 200
hyder2006: posts big blind 400
*** HOLE CARDS ***
Dealt to Gabrielfs13 [5s 8d]
Gabrielfs13: folds 
volvoc701999: folds 
BELARUS_Polak: folds 
I7aJIaguHkA: folds 
Freaky Sam: raises 400 to 800
AAKKULAA: folds 
matheusflo75: folds 
hyder2006: raises 2280 to 3080
Freaky Sam: folds 
Uncalled bet (2280) returned to hyder2006
hyder2006 collected 2280 from pot
hyder2006: doesn't show hand 
*** SUMMARY ***
Total pot 2280 | Rake 0 
Seat 1: Freaky Sam folded before Flop
Seat 2: AAKKULAA (button) folded before Flop (didn't bet)
Seat 3: matheusflo75 (small blind) folded before Flop
Seat 4: hyder2006 (big blind) collected (2280)
Seat 5: Gabrielfs13 folded before Flop (didn't bet)
Seat 6: volvoc701999 folded before Flop (didn't bet)
Seat 7: BELARUS_Polak folded before Flop (didn't bet)
Seat 8: I7aJIaguHkA folded before Flop (didn't bet)



PokerStars Hand #257417726550: Tournament #3918664722, $2.45+$2.45+$0.60 USD Hold'em No Limit - Level V (200/400) - 2025/08/20 14:11:55 BRT [2025/08/20 13:11:55 ET]
Table '3918664722 115' 8-max Seat #3 is the button
Seat 1: Freaky Sam (50850 in chips, $3.67 bounty) 
Seat 2: AAKKULAA (18851 in chips, $2.45 bounty) 
Seat 3: matheusflo75 (34950 in chips, $2.45 bounty) 
Seat 4: hyder2006 (19267 in chips, $2.45 bounty) 
Seat 5: Gabrielfs13 (20835 in chips, $2.45 bounty) 
Seat 6: volvoc701999 (42663 in chips, $2.45 bounty) 
Seat 7: BELARUS_Polak (17654 in chips, $2.45 bounty) 
Seat 8: I7aJIaguHkA (25545 in chips, $2.45 bounty) 
Freaky Sam: posts the ante 60
AAKKULAA: posts the ante 60
matheusflo75: posts the ante 60
hyder2006: posts the ante 60
Gabrielfs13: posts the ante 60
volvoc701999: posts the ante 60
BELARUS_Polak: posts the ante 60
I7aJIaguHkA: posts the ante 60
hyder2006: posts small blind 200
Gabrielfs13: posts big blind 400
*** HOLE CARDS ***
Dealt to Gabrielfs13 [Ah Qd]
volvoc701999: folds 
BELARUS_Polak is connected 
BELARUS_Polak is connected 
BELARUS_Polak: raises 400 to 800
I7aJIaguHkA: folds 
Freaky Sam: folds 
AAKKULAA: raises 2680 to 3480
matheusflo75: folds 
hyder2006: folds 
Gabrielfs13: folds 
BELARUS_Polak: folds 
Uncalled bet (2680) returned to AAKKULAA
AAKKULAA collected 2680 from pot
*** SUMMARY ***
Total pot 2680 | Rake 0 
Seat 1: Freaky Sam folded before Flop (didn't bet)
Seat 2: AAKKULAA collected (2680)
Seat 3: matheusflo75 (button) folded before Flop (didn't bet)
Seat 4: hyder2006 (small blind) folded before Flop
Seat 5: Gabrielfs13 (big blind) folded before Flop
Seat 6: volvoc701999 folded before Flop (didn't bet)
Seat 7: BELARUS_Polak folded before Flop
Seat 8: I7aJIaguHkA folded before Flop (didn't bet)



PokerStars Hand #257417736015: Tournament #3918664722, $2.45+$2.45+$0.60 USD Hold'em No Limit - Level V (200/400) - 2025/08/20 14:12:42 BRT [2025/08/20 13:12:42 ET]
Table '3918664722 115' 8-max Seat #4 is the button
Seat 1: Freaky Sam (50790 in chips, $3.67 bounty) 
Seat 2: AAKKULAA (20671 in chips, $2.45 bounty) 
Seat 3: matheusflo75 (34890 in chips, $2.45 bounty) 
Seat 4: hyder2006 (19007 in chips, $2.45 bounty) 
Seat 5: Gabrielfs13 (20375 in chips, $2.45 bounty) 
Seat 6: volvoc701999 (42603 in chips, $2.45 bounty) 
Seat 7: BELARUS_Polak (16794 in chips, $2.45 bounty) 
Seat 8: I7aJIaguHkA (25485 in chips, $2.45 bounty) 
Freaky Sam: posts the ante 60
AAKKULAA: posts the ante 60
matheusflo75: posts the ante 60
hyder2006: posts the ante 60
Gabrielfs13: posts the ante 60
volvoc701999: posts the ante 60
BELARUS_Polak: posts the ante 60
I7aJIaguHkA: posts the ante 60
Gabrielfs13: posts small blind 200
volvoc701999: posts big blind 400
*** HOLE CARDS ***
Dealt to Gabrielfs13 [7d 8s]
BELARUS_Polak: folds 
I7aJIaguHkA: folds 
Freaky Sam: folds 
AAKKULAA: calls 400
matheusflo75: folds 
hyder2006: folds 
Gabrielfs13: calls 200
volvoc701999: checks 
*** FLOP *** [2d Qc 7c]
Gabrielfs13: checks 
volvoc701999: checks 
AAKKULAA: checks 
*** TURN *** [2d Qc 7c] [3d]
Gabrielfs13: bets 800
volvoc701999: calls 800
AAKKULAA: folds 
*** RIVER *** [2d Qc 7c 3d] [Jh]
Gabrielfs13: checks 
volvoc701999: checks 
*** SHOW DOWN ***
Gabrielfs13: shows [7d 8s] (a pair of Sevens)
volvoc701999: mucks hand 
Gabrielfs13 collected 3280 from pot
*** SUMMARY ***
Total pot 3280 | Rake 0 
Board [2d Qc 7c 3d Jh]
Seat 1: Freaky Sam folded before Flop (didn't bet)
Seat 2: AAKKULAA folded on the Turn
Seat 3: matheusflo75 folded before Flop (didn't bet)
Seat 4: hyder2006 (button) folded before Flop (didn't bet)
Seat 5: Gabrielfs13 (small blind) showed [7d 8s] and won (3280) with a pair of Sevens
Seat 6: volvoc701999 (big blind) mucked [5s 7h]
Seat 7: BELARUS_Polak folded before Flop (didn't bet)
Seat 8: I7aJIaguHkA folded before Flop (didn't bet)



PokerStars Hand #257417752458: Tournament #3918664722, $2.45+$2.45+$0.60 USD Hold'em No Limit - Level V (200/400) - 2025/08/20 14:14:04 BRT [2025/08/20 13:14:04 ET]
Table '3918664722 115' 8-max Seat #5 is the button
Seat 1: Freaky Sam (50730 in chips, $3.67 bounty) 
Seat 2: AAKKULAA (20211 in chips, $2.45 bounty) 
Seat 3: matheusflo75 (34830 in chips, $2.45 bounty) 
Seat 4: hyder2006 (18947 in chips, $2.45 bounty) 
Seat 5: Gabrielfs13 (22395 in chips, $2.45 bounty) 
Seat 6: volvoc701999 (41343 in chips, $2.45 bounty) 
Seat 7: BELARUS_Polak (16734 in chips, $2.45 bounty) 
Seat 8: I7aJIaguHkA (25425 in chips, $2.45 bounty) 
Freaky Sam: posts the ante 60
AAKKULAA: posts the ante 60
matheusflo75: posts the ante 60
hyder2006: posts the ante 60
Gabrielfs13: posts the ante 60
volvoc701999: posts the ante 60
BELARUS_Polak: posts the ante 60
I7aJIaguHkA: posts the ante 60
volvoc701999: posts small blind 200
BELARUS_Polak: posts big blind 400
*** HOLE CARDS ***
Dealt to Gabrielfs13 [4d Jd]
I7aJIaguHkA: folds 
Freaky Sam: folds 
AAKKULAA: folds 
matheusflo75: folds 
hyder2006: raises 1480 to 1880
Gabrielfs13: folds 
volvoc701999: folds 
BELARUS_Polak: folds 
Uncalled bet (1480) returned to hyder2006
hyder2006 collected 1480 from pot
hyder2006: doesn't show hand 
*** SUMMARY ***
Total pot 1480 | Rake 0 
Seat 1: Freaky Sam folded before Flop (didn't bet)
Seat 2: AAKKULAA folded before Flop (didn't bet)
Seat 3: matheusflo75 folded before Flop (didn't bet)
Seat 4: hyder2006 collected (1480)
Seat 5: Gabrielfs13 (button) folded before Flop (didn't bet)
Seat 6: volvoc701999 (small blind) folded before Flop
Seat 7: BELARUS_Polak (big blind) folded before Flop
Seat 8: I7aJIaguHkA folded before Flop (didn't bet)



PokerStars Hand #257417759069: Tournament #3918664722, $2.45+$2.45+$0.60 USD Hold'em No Limit - Level V (200/400) - 2025/08/20 14:14:37 BRT [2025/08/20 13:14:37 ET]
Table '3918664722 115' 8-max Seat #6 is the button
Seat 1: Freaky Sam (50670 in chips, $3.67 bounty) 
Seat 2: AAKKULAA (20151 in chips, $2.45 bounty) 
Seat 3: matheusflo75 (34770 in chips, $2.45 bounty) 
Seat 4: hyder2006 (19967 in chips, $2.45 bounty) 
Seat 5: Gabrielfs13 (22335 in chips, $2.45 bounty) 
Seat 6: volvoc701999 (41083 in chips, $2.45 bounty) 
Seat 7: BELARUS_Polak (16274 in chips, $2.45 bounty) 
Seat 8: I7aJIaguHkA (25365 in chips, $2.45 bounty) 
Freaky Sam: posts the ante 60
AAKKULAA: posts the ante 60
matheusflo75: posts the ante 60
hyder2006: posts the ante 60
Gabrielfs13: posts the ante 60
volvoc701999: posts the ante 60
BELARUS_Polak: posts the ante 60
I7aJIaguHkA: posts the ante 60
BELARUS_Polak: posts small blind 200
I7aJIaguHkA: posts big blind 400
*** HOLE CARDS ***
Dealt to Gabrielfs13 [Jh 5d]
Freaky Sam: folds 
AAKKULAA: folds 
matheusflo75: raises 400 to 800
hyder2006: folds 
Gabrielfs13: folds 
volvoc701999: folds 
BELARUS_Polak: folds 
I7aJIaguHkA: folds 
Uncalled bet (400) returned to matheusflo75
matheusflo75 collected 1480 from pot
matheusflo75: doesn't show hand 
*** SUMMARY ***
Total pot 1480 | Rake 0 
Seat 1: Freaky Sam folded before Flop (didn't bet)
Seat 2: AAKKULAA folded before Flop (didn't bet)
Seat 3: matheusflo75 collected (1480)
Seat 4: hyder2006 folded before Flop (didn't bet)
Seat 5: Gabrielfs13 folded before Flop (didn't bet)
Seat 6: volvoc701999 (button) folded before Flop (didn't bet)
Seat 7: BELARUS_Polak (small blind) folded before Flop
Seat 8: I7aJIaguHkA (big blind) folded before Flop



PokerStars Hand #257417763679: Tournament #3918664722, $2.45+$2.45+$0.60 USD Hold'em No Limit - Level V (200/400) - 2025/08/20 14:15:00 BRT [2025/08/20 13:15:00 ET]
Table '3918664722 115' 8-max Seat #7 is the button
Seat 1: Freaky Sam (50610 in chips, $3.67 bounty) 
Seat 2: AAKKULAA (20091 in chips, $2.45 bounty) 
Seat 3: matheusflo75 (35790 in chips, $2.45 bounty) 
Seat 4: hyder2006 (19907 in chips, $2.45 bounty) 
Seat 5: Gabrielfs13 (22275 in chips, $2.45 bounty) 
Seat 6: volvoc701999 (41023 in chips, $2.45 bounty) 
Seat 7: BELARUS_Polak (16014 in chips, $2.45 bounty) 
Seat 8: I7aJIaguHkA (24905 in chips, $2.45 bounty) 
Freaky Sam: posts the ante 60
AAKKULAA: posts the ante 60
matheusflo75: posts the ante 60
hyder2006: posts the ante 60
Gabrielfs13: posts the ante 60
volvoc701999: posts the ante 60
BELARUS_Polak: posts the ante 60
I7aJIaguHkA: posts the ante 60
I7aJIaguHkA: posts small blind 200
Freaky Sam: posts big blind 400
*** HOLE CARDS ***
Dealt to Gabrielfs13 [Kd 7d]
AAKKULAA: folds 
matheusflo75: raises 400 to 800
hyder2006: folds 
Gabrielfs13: folds 
volvoc701999: folds 
BELARUS_Polak: folds 
I7aJIaguHkA: folds 
Freaky Sam: calls 400
*** FLOP *** [5s Ac 7s]
Freaky Sam: checks 
matheusflo75: bets 570
Freaky Sam: folds 
Uncalled bet (570) returned to matheusflo75
matheusflo75 collected 2280 from pot
matheusflo75: doesn't show hand 
*** SUMMARY ***
Total pot 2280 | Rake 0 
Board [5s Ac 7s]
Seat 1: Freaky Sam (big blind) folded on the Flop
Seat 2: AAKKULAA folded before Flop (didn't bet)
Seat 3: matheusflo75 collected (2280)
Seat 4: hyder2006 folded before Flop (didn't bet)
Seat 5: Gabrielfs13 folded before Flop (didn't bet)
Seat 6: volvoc701999 folded before Flop (didn't bet)
Seat 7: BELARUS_Polak (button) folded before Flop (didn't bet)
Seat 8: I7aJIaguHkA (small blind) folded before Flop



PokerStars Hand #257417770513: Tournament #3918664722, $2.45+$2.45+$0.60 USD Hold'em No Limit - Level V (200/400) - 2025/08/20 14:15:33 BRT [2025/08/20 13:15:33 ET]
Table '3918664722 115' 8-max Seat #8 is the button
Seat 1: Freaky Sam (49750 in chips, $3.67 bounty) 
Seat 2: AAKKULAA (20031 in chips, $2.45 bounty) 
Seat 3: matheusflo75 (37210 in chips, $2.45 bounty) 
Seat 4: hyder2006 (19847 in chips, $2.45 bounty) 
Seat 5: Gabrielfs13 (22215 in chips, $2.45 bounty) 
Seat 6: volvoc701999 (40963 in chips, $2.45 bounty) 
Seat 7: BELARUS_Polak (15954 in chips, $2.45 bounty) 
Seat 8: I7aJIaguHkA (24645 in chips, $2.45 bounty) 
Freaky Sam: posts the ante 60
AAKKULAA: posts the ante 60
matheusflo75: posts the ante 60
hyder2006: posts the ante 60
Gabrielfs13: posts the ante 60
volvoc701999: posts the ante 60
BELARUS_Polak: posts the ante 60
I7aJIaguHkA: posts the ante 60
Freaky Sam: posts small blind 200
AAKKULAA: posts big blind 400
*** HOLE CARDS ***
Dealt to Gabrielfs13 [5h 2d]
matheusflo75: folds 
hyder2006: folds 
Gabrielfs13: folds 
volvoc701999: folds 
BELARUS_Polak: raises 400 to 800
I7aJIaguHkA: folds 
Freaky Sam: folds 
AAKKULAA: folds 
Uncalled bet (400) returned to BELARUS_Polak
BELARUS_Polak collected 1480 from pot
BELARUS_Polak: doesn't show hand 
*** SUMMARY ***
Total pot 1480 | Rake 0 
Seat 1: Freaky Sam (small blind) folded before Flop
Seat 2: AAKKULAA (big blind) folded before Flop
Seat 3: matheusflo75 folded before Flop (didn't bet)
Seat 4: hyder2006 folded before Flop (didn't bet)
Seat 5: Gabrielfs13 folded before Flop (didn't bet)
Seat 6: volvoc701999 folded before Flop (didn't bet)
Seat 7: BELARUS_Polak collected (1480)
Seat 8: I7aJIaguHkA (button) folded before Flop (didn't bet)



PokerStars Hand #257417780204: Tournament #3918664722, $2.45+$2.45+$0.60 USD Hold'em No Limit - Level V (200/400) - 2025/08/20 14:16:21 BRT [2025/08/20 13:16:21 ET]
Table '3918664722 115' 8-max Seat #1 is the button
Seat 1: Freaky Sam (49490 in chips, $3.67 bounty) 
Seat 2: AAKKULAA (19571 in chips, $2.45 bounty) 
Seat 3: matheusflo75 (37150 in chips, $2.45 bounty) 
Seat 4: hyder2006 (19787 in chips, $2.45 bounty) 
Seat 5: Gabrielfs13 (22155 in chips, $2.45 bounty) 
Seat 6: volvoc701999 (40903 in chips, $2.45 bounty) 
Seat 7: BELARUS_Polak (16974 in chips, $2.45 bounty) 
Seat 8: I7aJIaguHkA (24585 in chips, $2.45 bounty) 
Freaky Sam: posts the ante 60
AAKKULAA: posts the ante 60
matheusflo75: posts the ante 60
hyder2006: posts the ante 60
Gabrielfs13: posts the ante 60
volvoc701999: posts the ante 60
BELARUS_Polak: posts the ante 60
I7aJIaguHkA: posts the ante 60
AAKKULAA: posts small blind 200
matheusflo75: posts big blind 400
*** HOLE CARDS ***
Dealt to Gabrielfs13 [Qc 7s]
hyder2006: folds 
Gabrielfs13: folds 
volvoc701999: folds 
BELARUS_Polak: folds 
I7aJIaguHkA: raises 480 to 880
Freaky Sam: calls 880
AAKKULAA: calls 680
matheusflo75: calls 480
*** FLOP *** [2s 9c Jh]
AAKKULAA: checks 
matheusflo75: checks 
I7aJIaguHkA: bets 2000
Freaky Sam: folds 
AAKKULAA: folds 
matheusflo75: folds 
Uncalled bet (2000) returned to I7aJIaguHkA
I7aJIaguHkA collected 4000 from pot
*** SUMMARY ***
Total pot 4000 | Rake 0 
Board [2s 9c Jh]
Seat 1: Freaky Sam (button) folded on the Flop
Seat 2: AAKKULAA (small blind) folded on the Flop
Seat 3: matheusflo75 (big blind) folded on the Flop
Seat 4: hyder2006 folded before Flop (didn't bet)
Seat 5: Gabrielfs13 folded before Flop (didn't bet)
Seat 6: volvoc701999 folded before Flop (didn't bet)
Seat 7: BELARUS_Polak folded before Flop (didn't bet)
Seat 8: I7aJIaguHkA collected (4000)



PokerStars Hand #257417794045: Tournament #3918664722, $2.45+$2.45+$0.60 USD Hold'em No Limit - Level V (200/400) - 2025/08/20 14:17:32 BRT [2025/08/20 13:17:32 ET]
Table '3918664722 115' 8-max Seat #2 is the button
Seat 1: Freaky Sam (48550 in chips, $3.67 bounty) 
Seat 2: AAKKULAA (18631 in chips, $2.45 bounty) 
Seat 3: matheusflo75 (36210 in chips, $2.45 bounty) 
Seat 4: hyder2006 (19727 in chips, $2.45 bounty) 
Seat 5: Gabrielfs13 (22095 in chips, $2.45 bounty) 
Seat 6: volvoc701999 (40843 in chips, $2.45 bounty) 
Seat 7: BELARUS_Polak (16914 in chips, $2.45 bounty) 
Seat 8: I7aJIaguHkA (27645 in chips, $2.45 bounty) 
Freaky Sam: posts the ante 60
AAKKULAA: posts the ante 60
matheusflo75: posts the ante 60
hyder2006: posts the ante 60
Gabrielfs13: posts the ante 60
volvoc701999: posts the ante 60
BELARUS_Polak: posts the ante 60
I7aJIaguHkA: posts the ante 60
matheusflo75: posts small blind 200
hyder2006: posts big blind 400
*** HOLE CARDS ***
Dealt to Gabrielfs13 [Kd 3c]
Gabrielfs13: folds 
volvoc701999: folds 
BELARUS_Polak: folds 
I7aJIaguHkA: folds 
Freaky Sam: raises 400 to 800
AAKKULAA: calls 800
matheusflo75: calls 600
hyder2006: raises 18867 to 19667 and is all-in
Freaky Sam: folds 
AAKKULAA: folds 
matheusflo75: folds 
Uncalled bet (18867) returned to hyder2006
hyder2006 collected 3680 from pot
hyder2006: doesn't show hand 
*** SUMMARY ***
Total pot 3680 | Rake 0 
Seat 1: Freaky Sam folded before Flop
Seat 2: AAKKULAA (button) folded before Flop
Seat 3: matheusflo75 (small blind) folded before Flop
Seat 4: hyder2006 (big blind) collected (3680)
Seat 5: Gabrielfs13 folded before Flop (didn't bet)
Seat 6: volvoc701999 folded before Flop (didn't bet)
Seat 7: BELARUS_Polak folded before Flop (didn't bet)
Seat 8: I7aJIaguHkA folded before Flop (didn't bet)



PokerStars Hand #257417803437: Tournament #3918664722, $2.45+$2.45+$0.60 USD Hold'em No Limit - Level VI (250/500) - 2025/08/20 14:18:18 BRT [2025/08/20 13:18:18 ET]
Table '3918664722 115' 8-max Seat #3 is the button
Seat 1: Freaky Sam (47690 in chips, $3.67 bounty) 
Seat 2: AAKKULAA (17771 in chips, $2.45 bounty) 
Seat 3: matheusflo75 (35350 in chips, $2.45 bounty) 
Seat 4: hyder2006 (22547 in chips, $2.45 bounty) 
Seat 5: Gabrielfs13 (22035 in chips, $2.45 bounty) 
Seat 6: volvoc701999 (40783 in chips, $2.45 bounty) 
Seat 7: BELARUS_Polak (16854 in chips, $2.45 bounty) 
Seat 8: I7aJIaguHkA (27585 in chips, $2.45 bounty) 
Freaky Sam: posts the ante 70
AAKKULAA: posts the ante 70
matheusflo75: posts the ante 70
hyder2006: posts the ante 70
Gabrielfs13: posts the ante 70
volvoc701999: posts the ante 70
BELARUS_Polak: posts the ante 70
I7aJIaguHkA: posts the ante 70
hyder2006: posts small blind 250
Gabrielfs13: posts big blind 500
*** HOLE CARDS ***
Dealt to Gabrielfs13 [Qh 7s]
volvoc701999: folds 
BELARUS_Polak: raises 500 to 1000
I7aJIaguHkA: folds 
Freaky Sam: folds 
AAKKULAA: folds 
matheusflo75: folds 
hyder2006: folds 
Gabrielfs13: folds 
Uncalled bet (500) returned to BELARUS_Polak
BELARUS_Polak collected 1810 from pot
BELARUS_Polak: doesn't show hand 
*** SUMMARY ***
Total pot 1810 | Rake 0 
Seat 1: Freaky Sam folded before Flop (didn't bet)
Seat 2: AAKKULAA folded before Flop (didn't bet)
Seat 3: matheusflo75 (button) folded before Flop (didn't bet)
Seat 4: hyder2006 (small blind) folded before Flop
Seat 5: Gabrielfs13 (big blind) folded before Flop
Seat 6: volvoc701999 folded before Flop (didn't bet)
Seat 7: BELARUS_Polak collected (1810)
Seat 8: I7aJIaguHkA folded before Flop (didn't bet)



PokerStars Hand #257417809381: Tournament #3918664722, $2.45+$2.45+$0.60 USD Hold'em No Limit - Level VI (250/500) - 2025/08/20 14:18:48 BRT [2025/08/20 13:18:48 ET]
Table '3918664722 115' 8-max Seat #4 is the button
Seat 1: Freaky Sam (47620 in chips, $3.67 bounty) 
Seat 2: AAKKULAA (17701 in chips, $2.45 bounty) 
Seat 3: matheusflo75 (35280 in chips, $2.45 bounty) 
Seat 4: hyder2006 (22227 in chips, $2.45 bounty) 
Seat 5: Gabrielfs13 (21465 in chips, $2.45 bounty) 
Seat 6: volvoc701999 (40713 in chips, $2.45 bounty) 
Seat 7: BELARUS_Polak (18094 in chips, $2.45 bounty) 
Seat 8: I7aJIaguHkA (27515 in chips, $2.45 bounty) 
Freaky Sam: posts the ante 70
AAKKULAA: posts the ante 70
matheusflo75: posts the ante 70
hyder2006: posts the ante 70
Gabrielfs13: posts the ante 70
volvoc701999: posts the ante 70
BELARUS_Polak: posts the ante 70
I7aJIaguHkA: posts the ante 70
Gabrielfs13: posts small blind 250
volvoc701999: posts big blind 500
*** HOLE CARDS ***
Dealt to Gabrielfs13 [9c 3d]
BELARUS_Polak: folds 
I7aJIaguHkA: folds 
Freaky Sam: folds 
AAKKULAA: raises 500 to 1000
matheusflo75: raises 2000 to 3000
hyder2006: folds 
Gabrielfs13: folds 
volvoc701999: folds 
AAKKULAA: calls 2000
*** FLOP *** [3s 8c Qs]
AAKKULAA: checks 
matheusflo75: bets 2328
AAKKULAA: calls 2328
*** TURN *** [3s 8c Qs] [6h]
AAKKULAA: checks 
matheusflo75: bets 14359
AAKKULAA: folds 
Uncalled bet (14359) returned to matheusflo75
matheusflo75 collected 11966 from pot
matheusflo75: doesn't show hand 
*** SUMMARY ***
Total pot 11966 | Rake 0 
Board [3s 8c Qs 6h]
Seat 1: Freaky Sam folded before Flop (didn't bet)
Seat 2: AAKKULAA folded on the Turn
Seat 3: matheusflo75 collected (11966)
Seat 4: hyder2006 (button) folded before Flop (didn't bet)
Seat 5: Gabrielfs13 (small blind) folded before Flop
Seat 6: volvoc701999 (big blind) folded before Flop
Seat 7: BELARUS_Polak folded before Flop (didn't bet)
Seat 8: I7aJIaguHkA folded before Flop (didn't bet)



PokerStars Hand #257417824041: Tournament #3918664722, $2.45+$2.45+$0.60 USD Hold'em No Limit - Level VI (250/500) - 2025/08/20 14:20:01 BRT [2025/08/20 13:20:01 ET]
Table '3918664722 115' 8-max Seat #5 is the button
Seat 1: Freaky Sam (47550 in chips, $3.67 bounty) 
Seat 2: AAKKULAA (12303 in chips, $2.45 bounty) 
Seat 3: matheusflo75 (41848 in chips, $2.45 bounty) 
Seat 4: hyder2006 (22157 in chips, $2.45 bounty) 
Seat 5: Gabrielfs13 (21145 in chips, $2.45 bounty) 
Seat 6: volvoc701999 (40143 in chips, $2.45 bounty) 
Seat 7: BELARUS_Polak (18024 in chips, $2.45 bounty) 
Seat 8: I7aJIaguHkA (27445 in chips, $2.45 bounty) 
Freaky Sam: posts the ante 70
AAKKULAA: posts the ante 70
matheusflo75: posts the ante 70
hyder2006: posts the ante 70
Gabrielfs13: posts the ante 70
volvoc701999: posts the ante 70
BELARUS_Polak: posts the ante 70
I7aJIaguHkA: posts the ante 70
volvoc701999: posts small blind 250
BELARUS_Polak: posts big blind 500
*** HOLE CARDS ***
Dealt to Gabrielfs13 [8s Th]
I7aJIaguHkA: folds 
Freaky Sam: folds 
AAKKULAA: raises 500 to 1000
matheusflo75: raises 2000 to 3000
hyder2006: folds 
Gabrielfs13: folds 
volvoc701999: folds 
BELARUS_Polak: folds 
AAKKULAA: folds 
Uncalled bet (2000) returned to matheusflo75
matheusflo75 collected 3310 from pot
matheusflo75: doesn't show hand 
*** SUMMARY ***
Total pot 3310 | Rake 0 
Seat 1: Freaky Sam folded before Flop (didn't bet)
Seat 2: AAKKULAA folded before Flop
Seat 3: matheusflo75 collected (3310)
Seat 4: hyder2006 folded before Flop (didn't bet)
Seat 5: Gabrielfs13 (button) folded before Flop (didn't bet)
Seat 6: volvoc701999 (small blind) folded before Flop
Seat 7: BELARUS_Polak (big blind) folded before Flop
Seat 8: I7aJIaguHkA folded before Flop (didn't bet)



PokerStars Hand #257417834197: Tournament #3918664722, $2.45+$2.45+$0.60 USD Hold'em No Limit - Level VI (250/500) - 2025/08/20 14:20:52 BRT [2025/08/20 13:20:52 ET]
Table '3918664722 115' 8-max Seat #6 is the button
Seat 1: Freaky Sam (47480 in chips, $3.67 bounty) 
Seat 2: AAKKULAA (11233 in chips, $2.45 bounty) 
Seat 3: matheusflo75 (44088 in chips, $2.45 bounty) 
Seat 4: hyder2006 (22087 in chips, $2.45 bounty) 
Seat 5: Gabrielfs13 (21075 in chips, $2.45 bounty) 
Seat 6: volvoc701999 (39823 in chips, $2.45 bounty) 
Seat 7: BELARUS_Polak (17454 in chips, $2.45 bounty) 
Seat 8: I7aJIaguHkA (27375 in chips, $2.45 bounty) 
Freaky Sam: posts the ante 70
AAKKULAA: posts the ante 70
matheusflo75: posts the ante 70
hyder2006: posts the ante 70
Gabrielfs13: posts the ante 70
volvoc701999: posts the ante 70
BELARUS_Polak: posts the ante 70
I7aJIaguHkA: posts the ante 70
BELARUS_Polak: posts small blind 250
I7aJIaguHkA: posts big blind 500
*** HOLE CARDS ***
Dealt to Gabrielfs13 [7s 4c]
Freaky Sam: raises 500 to 1000
AAKKULAA: folds 
matheusflo75: folds 
hyder2006: folds 
Gabrielfs13: folds 
volvoc701999: folds 
BELARUS_Polak: folds 
I7aJIaguHkA: folds 
Uncalled bet (500) returned to Freaky Sam
Freaky Sam collected 1810 from pot
Freaky Sam: doesn't show hand 
*** SUMMARY ***
Total pot 1810 | Rake 0 
Seat 1: Freaky Sam collected (1810)
Seat 2: AAKKULAA folded before Flop (didn't bet)
Seat 3: matheusflo75 folded before Flop (didn't bet)
Seat 4: hyder2006 folded before Flop (didn't bet)
Seat 5: Gabrielfs13 folded before Flop (didn't bet)
Seat 6: volvoc701999 (button) folded before Flop (didn't bet)
Seat 7: BELARUS_Polak (small blind) folded before Flop
Seat 8: I7aJIaguHkA (big blind) folded before Flop



PokerStars Hand #257417841111: Tournament #3918664722, $2.45+$2.45+$0.60 USD Hold'em No Limit - Level VI (250/500) - 2025/08/20 14:21:26 BRT [2025/08/20 13:21:26 ET]
Table '3918664722 115' 8-max Seat #7 is the button
Seat 1: Freaky Sam (48720 in chips, $3.67 bounty) 
Seat 2: AAKKULAA (11163 in chips, $2.45 bounty) 
Seat 3: matheusflo75 (44018 in chips, $2.45 bounty) 
Seat 4: hyder2006 (22017 in chips, $2.45 bounty) 
Seat 5: Gabrielfs13 (21005 in chips, $2.45 bounty) 
Seat 6: volvoc701999 (39753 in chips, $2.45 bounty) 
Seat 7: BELARUS_Polak (17134 in chips, $2.45 bounty) 
Seat 8: I7aJIaguHkA (26805 in chips, $2.45 bounty) 
Freaky Sam: posts the ante 70
AAKKULAA: posts the ante 70
matheusflo75: posts the ante 70
hyder2006: posts the ante 70
Gabrielfs13: posts the ante 70
volvoc701999: posts the ante 70
BELARUS_Polak: posts the ante 70
I7aJIaguHkA: posts the ante 70
I7aJIaguHkA: posts small blind 250
Freaky Sam: posts big blind 500
*** HOLE CARDS ***
Dealt to Gabrielfs13 [9h Tc]
AAKKULAA: folds 
matheusflo75: folds 
hyder2006: raises 1810 to 2310
Gabrielfs13: folds 
volvoc701999: folds 
BELARUS_Polak: folds 
I7aJIaguHkA: folds 
Freaky Sam: folds 
Uncalled bet (1810) returned to hyder2006
hyder2006 collected 1810 from pot
hyder2006: doesn't show hand 
*** SUMMARY ***
Total pot 1810 | Rake 0 
Seat 1: Freaky Sam (big blind) folded before Flop
Seat 2: AAKKULAA folded before Flop (didn't bet)
Seat 3: matheusflo75 folded before Flop (didn't bet)
Seat 4: hyder2006 collected (1810)
Seat 5: Gabrielfs13 folded before Flop (didn't bet)
Seat 6: volvoc701999 folded before Flop (didn't bet)
Seat 7: BELARUS_Polak (button) folded before Flop (didn't bet)
Seat 8: I7aJIaguHkA (small blind) folded before Flop



PokerStars Hand #257417860873: Tournament #3918664722, $2.45+$2.45+$0.60 USD Hold'em No Limit - Level VI (250/500) - 2025/08/20 14:23:05 BRT [2025/08/20 13:23:05 ET]
Table '3918664722 115' 8-max Seat #8 is the button
Seat 1: Freaky Sam (48150 in chips, $3.67 bounty) 
Seat 2: AAKKULAA (11093 in chips, $2.45 bounty) 
Seat 3: matheusflo75 (43948 in chips, $2.45 bounty) 
Seat 4: hyder2006 (23257 in chips, $2.45 bounty) 
Seat 5: Gabrielfs13 (20935 in chips, $2.45 bounty) 
Seat 6: volvoc701999 (39683 in chips, $2.45 bounty) 
Seat 7: BELARUS_Polak (17064 in chips, $2.45 bounty) 
Seat 8: I7aJIaguHkA (26485 in chips, $2.45 bounty) 
Freaky Sam: posts the ante 70
AAKKULAA: posts the ante 70
matheusflo75: posts the ante 70
hyder2006: posts the ante 70
Gabrielfs13: posts the ante 70
volvoc701999: posts the ante 70
BELARUS_Polak: posts the ante 70
I7aJIaguHkA: posts the ante 70
Freaky Sam: posts small blind 250
AAKKULAA: posts big blind 500
*** HOLE CARDS ***
Dealt to Gabrielfs13 [7s 9c]
matheusflo75: raises 500 to 1000
hyder2006: folds 
Gabrielfs13: folds 
volvoc701999: folds 
BELARUS_Polak: folds 
I7aJIaguHkA: folds 
Freaky Sam: folds 
AAKKULAA: folds 
Uncalled bet (500) returned to matheusflo75
matheusflo75 collected 1810 from pot
matheusflo75: doesn't show hand 
*** SUMMARY ***
Total pot 1810 | Rake 0 
Seat 1: Freaky Sam (small blind) folded before Flop
Seat 2: AAKKULAA (big blind) folded before Flop
Seat 3: matheusflo75 collected (1810)
Seat 4: hyder2006 folded before Flop (didn't bet)
Seat 5: Gabrielfs13 folded before Flop (didn't bet)
Seat 6: volvoc701999 folded before Flop (didn't bet)
Seat 7: BELARUS_Polak folded before Flop (didn't bet)
Seat 8: I7aJIaguHkA (button) folded before Flop (didn't bet)



PokerStars Hand #257417866543: Tournament #3918664722, $2.45+$2.45+$0.60 USD Hold'em No Limit - Level VI (250/500) - 2025/08/20 14:23:33 BRT [2025/08/20 13:23:33 ET]
Table '3918664722 115' 8-max Seat #1 is the button
Seat 1: Freaky Sam (47830 in chips, $3.67 bounty) 
Seat 2: AAKKULAA (10523 in chips, $2.45 bounty) 
Seat 3: matheusflo75 (45188 in chips, $2.45 bounty) 
Seat 4: hyder2006 (23187 in chips, $2.45 bounty) 
Seat 5: Gabrielfs13 (20865 in chips, $2.45 bounty) 
Seat 6: volvoc701999 (39613 in chips, $2.45 bounty) 
Seat 7: BELARUS_Polak (16994 in chips, $2.45 bounty) 
Seat 8: I7aJIaguHkA (26415 in chips, $2.45 bounty) 
Freaky Sam: posts the ante 70
AAKKULAA: posts the ante 70
matheusflo75: posts the ante 70
hyder2006: posts the ante 70
Gabrielfs13: posts the ante 70
volvoc701999: posts the ante 70
BELARUS_Polak: posts the ante 70
I7aJIaguHkA: posts the ante 70
AAKKULAA: posts small blind 250
matheusflo75: posts big blind 500
*** HOLE CARDS ***
Dealt to Gabrielfs13 [Ad Jd]
hyder2006: folds 
Gabrielfs13: raises 500 to 1000
volvoc701999: folds 
BELARUS_Polak: folds 
I7aJIaguHkA: folds 
Freaky Sam: folds 
AAKKULAA: folds 
matheusflo75: calls 500
*** FLOP *** [Ac 2d 5d]
matheusflo75: checks 
Gabrielfs13: bets 703
matheusflo75: raises 2066 to 2769
Gabrielfs13: raises 2981 to 5750
matheusflo75: raises 17172 to 22922
Gabrielfs13: calls 14045 and is all-in
Uncalled bet (3127) returned to matheusflo75
*** TURN *** [Ac 2d 5d] [9h]
*** RIVER *** [Ac 2d 5d 9h] [7s]
*** SHOW DOWN ***
matheusflo75: shows [5h Ah] (two pair, Aces and Fives)
Gabrielfs13: shows [Ad Jd] (a pair of Aces)
matheusflo75 collected 42400 from pot
matheusflo75 wins $1.23 for eliminating Gabrielfs13 and their own bounty increases by $1.22 to $3.67
Gabrielfs13 finished the tournament
*** SUMMARY ***
Total pot 42400 | Rake 0 
Board [Ac 2d 5d 9h 7s]
Seat 1: Freaky Sam (button) folded before Flop (didn't bet)
Seat 2: AAKKULAA (small blind) folded before Flop
Seat 3: matheusflo75 (big blind) showed [5h Ah] and won (42400) with two pair, Aces and Fives
Seat 4: hyder2006 folded before Flop (didn't bet)
Seat 5: Gabrielfs13 showed [Ad Jd] and lost with a pair of Aces
Seat 6: volvoc701999 folded before Flop (didn't bet)
Seat 7: BELARUS_Polak folded before Flop (didn't bet)
Seat 8: I7aJIaguHkA folded before Flop (didn't bet)



