PokerStars Hand #257038219041: Tournament #3910308087, $10+$10+$2 USD Hold'em No Limit - Level IV (40/80) - 2025/07/21 18:03:03 BRT [2025/07/21 17:03:03 ET]
Table '3910308087 2' 8-max Seat #3 is the button
Seat 1: Gabrielfs13 (5000 in chips, $10 bounty) 
Seat 2: Vitinho_Kles (5773 in chips, $10 bounty) 
Seat 3: LofftiB (7754 in chips, $10 bounty) is sitting out
Seat 4: joaquinbodega (4422 in chips, $10 bounty) 
Seat 5: Stas_Karas_911 (1186 in chips, $10 bounty) 
Seat 6: gmdef.2001 (5602 in chips, $10 bounty) 
Seat 7: DaniloPMPB (4958 in chips, $10 bounty) 
Seat 8: renatomaiag (5383 in chips, $10 bounty) 
Gabrielfs13: posts the ante 12
Vitinho_Kles: posts the ante 12
LofftiB: posts the ante 12
joaquinbodega: posts the ante 12
Stas_Karas_911: posts the ante 12
gmdef.2001: posts the ante 12
DaniloPMPB: posts the ante 12
renatomaiag: posts the ante 12
joaquinbodega: posts small blind 40
Stas_Karas_911: posts big blind 80
*** HOLE CARDS ***
Dealt to Gabrielfs13 [8d Ts]
gmdef.2001: folds 
DaniloPMPB: raises 80 to 160
renatomaiag: folds 
Gabrielfs13: folds 
Vitinho_Kles: calls 160
LofftiB: folds 
joaquinbodega: folds 
Stas_Karas_911: folds 
*** FLOP *** [Kd 5s 9c]
DaniloPMPB: checks 
Vitinho_Kles: checks 
*** TURN *** [Kd 5s 9c] [3d]
DaniloPMPB: bets 279
Vitinho_Kles: calls 279
*** RIVER *** [Kd 5s 9c 3d] [4s]
DaniloPMPB: bets 908
Vitinho_Kles: folds 
Uncalled bet (908) returned to DaniloPMPB
DaniloPMPB collected 1094 from pot
DaniloPMPB: doesn't show hand 
*** SUMMARY ***
Total pot 1094 | Rake 0 
Board [Kd 5s 9c 3d 4s]
Seat 1: Gabrielfs13 folded before Flop (didn't bet)
Seat 2: Vitinho_Kles folded on the River
Seat 3: LofftiB (button) folded before Flop (didn't bet)
Seat 4: joaquinbodega (small blind) folded before Flop
Seat 5: Stas_Karas_911 (big blind) folded before Flop
Seat 6: gmdef.2001 folded before Flop (didn't bet)
Seat 7: DaniloPMPB collected (1094)
Seat 8: renatomaiag folded before Flop (didn't bet)



PokerStars Hand #257038235681: Tournament #3910308087, $10+$10+$2 USD Hold'em No Limit - Level IV (40/80) - 2025/07/21 18:04:11 BRT [2025/07/21 17:04:11 ET]
Table '3910308087 2' 8-max Seat #4 is the button
Seat 1: Gabrielfs13 (4988 in chips, $10 bounty) 
Seat 2: Vitinho_Kles (5322 in chips, $10 bounty) 
Seat 3: LofftiB (7742 in chips, $10 bounty) is sitting out
Seat 4: joaquinbodega (4370 in chips, $10 bounty) 
Seat 5: Stas_Karas_911 (1094 in chips, $10 bounty) 
Seat 6: gmdef.2001 (5590 in chips, $10 bounty) 
Seat 7: DaniloPMPB (5601 in chips, $10 bounty) 
Seat 8: renatomaiag (5371 in chips, $10 bounty) 
Gabrielfs13: posts the ante 12
Vitinho_Kles: posts the ante 12
LofftiB: posts the ante 12
joaquinbodega: posts the ante 12
Stas_Karas_911: posts the ante 12
gmdef.2001: posts the ante 12
DaniloPMPB: posts the ante 12
renatomaiag: posts the ante 12
Stas_Karas_911: posts small blind 40
gmdef.2001: posts big blind 80
*** HOLE CARDS ***
Dealt to Gabrielfs13 [Kc Tc]
LofftiB has returned
DaniloPMPB: raises 80 to 160
renatomaiag: calls 160
Gabrielfs13: folds 
Vitinho_Kles: folds 
LofftiB: folds 
joaquinbodega: folds 
Stas_Karas_911: folds 
gmdef.2001: folds 
*** FLOP *** [Ad 7c 6c]
DaniloPMPB: checks 
renatomaiag: bets 214
DaniloPMPB: raises 501 to 715
renatomaiag: calls 501
*** TURN *** [Ad 7c 6c] [2h]
DaniloPMPB: bets 1392
renatomaiag: calls 1392
*** RIVER *** [Ad 7c 6c 2h] [3d]
DaniloPMPB: bets 3322 and is all-in
renatomaiag: folds 
Uncalled bet (3322) returned to DaniloPMPB
DaniloPMPB collected 4750 from pot
DaniloPMPB: doesn't show hand 
*** SUMMARY ***
Total pot 4750 | Rake 0 
Board [Ad 7c 6c 2h 3d]
Seat 1: Gabrielfs13 folded before Flop (didn't bet)
Seat 2: Vitinho_Kles folded before Flop (didn't bet)
Seat 3: LofftiB folded before Flop (didn't bet)
Seat 4: joaquinbodega (button) folded before Flop (didn't bet)
Seat 5: Stas_Karas_911 (small blind) folded before Flop
Seat 6: gmdef.2001 (big blind) folded before Flop
Seat 7: DaniloPMPB collected (4750)
Seat 8: renatomaiag folded on the River



PokerStars Hand #257038261546: Tournament #3910308087, $10+$10+$2 USD Hold'em No Limit - Level IV (40/80) - 2025/07/21 18:05:57 BRT [2025/07/21 17:05:57 ET]
Table '3910308087 2' 8-max Seat #5 is the button
Seat 1: Gabrielfs13 (4976 in chips, $10 bounty) 
Seat 2: Vitinho_Kles (5310 in chips, $10 bounty) 
Seat 3: LofftiB (7730 in chips, $10 bounty) 
Seat 4: joaquinbodega (4358 in chips, $10 bounty) 
Seat 5: Stas_Karas_911 (1042 in chips, $10 bounty) 
Seat 6: gmdef.2001 (5498 in chips, $10 bounty) 
Seat 7: DaniloPMPB (8072 in chips, $10 bounty) 
Seat 8: renatomaiag (3092 in chips, $10 bounty) 
Gabrielfs13: posts the ante 12
Vitinho_Kles: posts the ante 12
LofftiB: posts the ante 12
joaquinbodega: posts the ante 12
Stas_Karas_911: posts the ante 12
gmdef.2001: posts the ante 12
DaniloPMPB: posts the ante 12
renatomaiag: posts the ante 12
gmdef.2001: posts small blind 40
DaniloPMPB: posts big blind 80
*** HOLE CARDS ***
Dealt to Gabrielfs13 [6h 4d]
renatomaiag: folds 
Gabrielfs13: folds 
Vitinho_Kles: folds 
LofftiB: folds 
joaquinbodega: folds 
Stas_Karas_911: folds 
gmdef.2001: raises 280 to 360
DaniloPMPB: folds 
Uncalled bet (280) returned to gmdef.2001
gmdef.2001 collected 256 from pot
*** SUMMARY ***
Total pot 256 | Rake 0 
Seat 1: Gabrielfs13 folded before Flop (didn't bet)
Seat 2: Vitinho_Kles folded before Flop (didn't bet)
Seat 3: LofftiB folded before Flop (didn't bet)
Seat 4: joaquinbodega folded before Flop (didn't bet)
Seat 5: Stas_Karas_911 (button) folded before Flop (didn't bet)
Seat 6: gmdef.2001 (small blind) collected (256)
Seat 7: DaniloPMPB (big blind) folded before Flop
Seat 8: renatomaiag folded before Flop (didn't bet)



PokerStars Hand #257038273366: Tournament #3910308087, $10+$10+$2 USD Hold'em No Limit - Level IV (40/80) - 2025/07/21 18:06:45 BRT [2025/07/21 17:06:45 ET]
Table '3910308087 2' 8-max Seat #6 is the button
Seat 1: Gabrielfs13 (4964 in chips, $10 bounty) 
Seat 2: Vitinho_Kles (5298 in chips, $10 bounty) 
Seat 3: LofftiB (7718 in chips, $10 bounty) 
Seat 4: joaquinbodega (4346 in chips, $10 bounty) 
Seat 5: Stas_Karas_911 (1030 in chips, $10 bounty) 
Seat 6: gmdef.2001 (5662 in chips, $10 bounty) 
Seat 7: DaniloPMPB (7980 in chips, $10 bounty) 
Seat 8: renatomaiag (3080 in chips, $10 bounty) 
Gabrielfs13: posts the ante 12
Vitinho_Kles: posts the ante 12
LofftiB: posts the ante 12
joaquinbodega: posts the ante 12
Stas_Karas_911: posts the ante 12
gmdef.2001: posts the ante 12
DaniloPMPB: posts the ante 12
renatomaiag: posts the ante 12
DaniloPMPB: posts small blind 40
renatomaiag: posts big blind 80
*** HOLE CARDS ***
Dealt to Gabrielfs13 [8c Qs]
Gabrielfs13: folds 
Vitinho_Kles: folds 
LofftiB: folds 
joaquinbodega: folds 
Stas_Karas_911: folds 
gmdef.2001: folds 
DaniloPMPB: calls 40
renatomaiag: raises 280 to 360
DaniloPMPB: folds 
Uncalled bet (280) returned to renatomaiag
renatomaiag collected 256 from pot
*** SUMMARY ***
Total pot 256 | Rake 0 
Seat 1: Gabrielfs13 folded before Flop (didn't bet)
Seat 2: Vitinho_Kles folded before Flop (didn't bet)
Seat 3: LofftiB folded before Flop (didn't bet)
Seat 4: joaquinbodega folded before Flop (didn't bet)
Seat 5: Stas_Karas_911 folded before Flop (didn't bet)
Seat 6: gmdef.2001 (button) folded before Flop (didn't bet)
Seat 7: DaniloPMPB (small blind) folded before Flop
Seat 8: renatomaiag (big blind) collected (256)



PokerStars Hand #257038281550: Tournament #3910308087, $10+$10+$2 USD Hold'em No Limit - Level IV (40/80) - 2025/07/21 18:07:18 BRT [2025/07/21 17:07:18 ET]
Table '3910308087 2' 8-max Seat #7 is the button
Seat 1: Gabrielfs13 (4952 in chips, $10 bounty) 
Seat 2: Vitinho_Kles (5286 in chips, $10 bounty) 
Seat 3: LofftiB (7706 in chips, $10 bounty) 
Seat 4: joaquinbodega (4334 in chips, $10 bounty) 
Seat 5: Stas_Karas_911 (1018 in chips, $10 bounty) 
Seat 6: gmdef.2001 (5650 in chips, $10 bounty) 
Seat 7: DaniloPMPB (7888 in chips, $10 bounty) 
Seat 8: renatomaiag (3244 in chips, $10 bounty) 
Gabrielfs13: posts the ante 12
Vitinho_Kles: posts the ante 12
LofftiB: posts the ante 12
joaquinbodega: posts the ante 12
Stas_Karas_911: posts the ante 12
gmdef.2001: posts the ante 12
DaniloPMPB: posts the ante 12
renatomaiag: posts the ante 12
renatomaiag: posts small blind 40
Gabrielfs13: posts big blind 80
*** HOLE CARDS ***
Dealt to Gabrielfs13 [5c 6d]
Vitinho_Kles: raises 80 to 160
LofftiB: calls 160
joaquinbodega: folds 
Stas_Karas_911: folds 
gmdef.2001: folds 
DaniloPMPB: folds 
renatomaiag: folds 
Gabrielfs13: calls 80
*** FLOP *** [Jc 6s Kc]
Gabrielfs13: checks 
Vitinho_Kles: bets 326
LofftiB: folds 
Gabrielfs13: folds 
Uncalled bet (326) returned to Vitinho_Kles
Vitinho_Kles collected 616 from pot
Vitinho_Kles: doesn't show hand 
*** SUMMARY ***
Total pot 616 | Rake 0 
Board [Jc 6s Kc]
Seat 1: Gabrielfs13 (big blind) folded on the Flop
Seat 2: Vitinho_Kles collected (616)
Seat 3: LofftiB folded on the Flop
Seat 4: joaquinbodega folded before Flop (didn't bet)
Seat 5: Stas_Karas_911 folded before Flop (didn't bet)
Seat 6: gmdef.2001 folded before Flop (didn't bet)
Seat 7: DaniloPMPB (button) folded before Flop (didn't bet)
Seat 8: renatomaiag (small blind) folded before Flop



PokerStars Hand #257038301929: Tournament #3910308087, $10+$10+$2 USD Hold'em No Limit - Level IV (40/80) - 2025/07/21 18:08:40 BRT [2025/07/21 17:08:40 ET]
Table '3910308087 2' 8-max Seat #8 is the button
Seat 1: Gabrielfs13 (4780 in chips, $10 bounty) 
Seat 2: Vitinho_Kles (5730 in chips, $10 bounty) 
Seat 3: LofftiB (7534 in chips, $10 bounty) 
Seat 4: joaquinbodega (4322 in chips, $10 bounty) 
Seat 5: Stas_Karas_911 (1006 in chips, $10 bounty) 
Seat 6: gmdef.2001 (5638 in chips, $10 bounty) 
Seat 7: DaniloPMPB (7876 in chips, $10 bounty) 
Seat 8: renatomaiag (3192 in chips, $10 bounty) 
Gabrielfs13: posts the ante 12
Vitinho_Kles: posts the ante 12
LofftiB: posts the ante 12
joaquinbodega: posts the ante 12
Stas_Karas_911: posts the ante 12
gmdef.2001: posts the ante 12
DaniloPMPB: posts the ante 12
renatomaiag: posts the ante 12
Gabrielfs13: posts small blind 40
Vitinho_Kles: posts big blind 80
*** HOLE CARDS ***
Dealt to Gabrielfs13 [6h 3d]
LofftiB: calls 80
joaquinbodega: raises 200 to 280
Stas_Karas_911: raises 714 to 994 and is all-in
gmdef.2001: folds 
DaniloPMPB: folds 
renatomaiag: folds 
Gabrielfs13: folds 
Vitinho_Kles: folds 
LofftiB: folds 
joaquinbodega: calls 714
*** FLOP *** [2d 4c 9s]
*** TURN *** [2d 4c 9s] [9d]
*** RIVER *** [2d 4c 9s 9d] [8c]
*** SHOW DOWN ***
joaquinbodega: shows [Kd Td] (a pair of Nines)
Stas_Karas_911: shows [Qc Ad] (a pair of Nines - Ace kicker)
Stas_Karas_911 collected 2284 from pot
*** SUMMARY ***
Total pot 2284 | Rake 0 
Board [2d 4c 9s 9d 8c]
Seat 1: Gabrielfs13 (small blind) folded before Flop
Seat 2: Vitinho_Kles (big blind) folded before Flop
Seat 3: LofftiB folded before Flop
Seat 4: joaquinbodega showed [Kd Td] and lost with a pair of Nines
Seat 5: Stas_Karas_911 showed [Qc Ad] and won (2284) with a pair of Nines
Seat 6: gmdef.2001 folded before Flop (didn't bet)
Seat 7: DaniloPMPB folded before Flop (didn't bet)
Seat 8: renatomaiag (button) folded before Flop (didn't bet)



PokerStars Hand #257038315165: Tournament #3910308087, $10+$10+$2 USD Hold'em No Limit - Level V (45/90) - 2025/07/21 18:09:33 BRT [2025/07/21 17:09:33 ET]
Table '3910308087 2' 8-max Seat #1 is the button
Seat 1: Gabrielfs13 (4728 in chips, $10 bounty) 
Seat 2: Vitinho_Kles (5638 in chips, $10 bounty) 
Seat 3: LofftiB (7442 in chips, $10 bounty) 
Seat 4: joaquinbodega (3316 in chips, $10 bounty) 
Seat 5: Stas_Karas_911 (2284 in chips, $10 bounty) 
Seat 6: gmdef.2001 (5626 in chips, $10 bounty) 
Seat 7: DaniloPMPB (7864 in chips, $10 bounty) 
Seat 8: renatomaiag (3180 in chips, $10 bounty) 
Gabrielfs13: posts the ante 14
Vitinho_Kles: posts the ante 14
LofftiB: posts the ante 14
joaquinbodega: posts the ante 14
Stas_Karas_911: posts the ante 14
gmdef.2001: posts the ante 14
DaniloPMPB: posts the ante 14
renatomaiag: posts the ante 14
Vitinho_Kles: posts small blind 45
LofftiB: posts big blind 90
*** HOLE CARDS ***
Dealt to Gabrielfs13 [Th Jh]
joaquinbodega: folds 
Stas_Karas_911: folds 
gmdef.2001: folds 
DaniloPMPB: raises 90 to 180
renatomaiag: folds 
Gabrielfs13: calls 180
Vitinho_Kles: folds 
LofftiB: raises 7248 to 7428 and is all-in
DaniloPMPB: raises 422 to 7850 and is all-in
Gabrielfs13: folds 
Uncalled bet (422) returned to DaniloPMPB
*** FLOP *** [3d 7c 4c]
*** TURN *** [3d 7c 4c] [Ac]
*** RIVER *** [3d 7c 4c Ac] [Js]
*** SHOW DOWN ***
LofftiB: shows [Qd Qc] (a pair of Queens)
DaniloPMPB: shows [Ah Ks] (a pair of Aces)
DaniloPMPB collected 15193 from pot
DaniloPMPB wins $5 for eliminating LofftiB and their own bounty increases by $5 to $15
LofftiB finished the tournament
*** SUMMARY ***
Total pot 15193 | Rake 0 
Board [3d 7c 4c Ac Js]
Seat 1: Gabrielfs13 (button) folded before Flop
Seat 2: Vitinho_Kles (small blind) folded before Flop
Seat 3: LofftiB (big blind) showed [Qd Qc] and lost with a pair of Queens
Seat 4: joaquinbodega folded before Flop (didn't bet)
Seat 5: Stas_Karas_911 folded before Flop (didn't bet)
Seat 6: gmdef.2001 folded before Flop (didn't bet)
Seat 7: DaniloPMPB showed [Ah Ks] and won (15193) with a pair of Aces
Seat 8: renatomaiag folded before Flop (didn't bet)



PokerStars Hand #257038325463: Tournament #3910308087, $10+$10+$2 USD Hold'em No Limit - Level V (45/90) - 2025/07/21 18:10:15 BRT [2025/07/21 17:10:15 ET]
Table '3910308087 2' 8-max Seat #2 is the button
Seat 1: Gabrielfs13 (4534 in chips, $10 bounty) 
Seat 2: Vitinho_Kles (5579 in chips, $10 bounty) 
Seat 4: joaquinbodega (3302 in chips, $10 bounty) 
Seat 5: Stas_Karas_911 (2270 in chips, $10 bounty) 
Seat 6: gmdef.2001 (5612 in chips, $10 bounty) 
Seat 7: DaniloPMPB (15615 in chips, $15 bounty) 
Seat 8: renatomaiag (3166 in chips, $10 bounty) 
Gabrielfs13: posts the ante 14
Vitinho_Kles: posts the ante 14
joaquinbodega: posts the ante 14
Stas_Karas_911: posts the ante 14
gmdef.2001: posts the ante 14
DaniloPMPB: posts the ante 14
renatomaiag: posts the ante 14
joaquinbodega: posts small blind 45
Stas_Karas_911: posts big blind 90
*** HOLE CARDS ***
Dealt to Gabrielfs13 [2c 4h]
gmdef.2001: folds 
DaniloPMPB: raises 90 to 180
renatomaiag: folds 
Gabrielfs13: folds 
Vitinho_Kles: folds 
joaquinbodega: folds 
Stas_Karas_911: folds 
Uncalled bet (90) returned to DaniloPMPB
DaniloPMPB collected 323 from pot
DaniloPMPB: doesn't show hand 
*** SUMMARY ***
Total pot 323 | Rake 0 
Seat 1: Gabrielfs13 folded before Flop (didn't bet)
Seat 2: Vitinho_Kles (button) folded before Flop (didn't bet)
Seat 4: joaquinbodega (small blind) folded before Flop
Seat 5: Stas_Karas_911 (big blind) folded before Flop
Seat 6: gmdef.2001 folded before Flop (didn't bet)
Seat 7: DaniloPMPB collected (323)
Seat 8: renatomaiag folded before Flop (didn't bet)



PokerStars Hand #257038334792: Tournament #3910308087, $10+$10+$2 USD Hold'em No Limit - Level V (45/90) - 2025/07/21 18:10:52 BRT [2025/07/21 17:10:52 ET]
Table '3910308087 2' 8-max Seat #4 is the button
Seat 1: Gabrielfs13 (4520 in chips, $10 bounty) 
Seat 2: Vitinho_Kles (5565 in chips, $10 bounty) 
Seat 4: joaquinbodega (3243 in chips, $10 bounty) 
Seat 5: Stas_Karas_911 (2166 in chips, $10 bounty) 
Seat 6: gmdef.2001 (5598 in chips, $10 bounty) 
Seat 7: DaniloPMPB (15834 in chips, $15 bounty) 
Seat 8: renatomaiag (3152 in chips, $10 bounty) 
Gabrielfs13: posts the ante 14
Vitinho_Kles: posts the ante 14
joaquinbodega: posts the ante 14
Stas_Karas_911: posts the ante 14
gmdef.2001: posts the ante 14
DaniloPMPB: posts the ante 14
renatomaiag: posts the ante 14
Stas_Karas_911: posts small blind 45
gmdef.2001: posts big blind 90
*** HOLE CARDS ***
Dealt to Gabrielfs13 [Td 6s]
DaniloPMPB: folds 
renatomaiag: folds 
Gabrielfs13: folds 
Vitinho_Kles: folds 
joaquinbodega: raises 99 to 189
Stas_Karas_911: folds 
gmdef.2001: calls 99
*** FLOP *** [7h As Kh]
gmdef.2001: checks 
joaquinbodega: bets 146
gmdef.2001: folds 
Uncalled bet (146) returned to joaquinbodega
joaquinbodega collected 521 from pot
joaquinbodega: doesn't show hand 
*** SUMMARY ***
Total pot 521 | Rake 0 
Board [7h As Kh]
Seat 1: Gabrielfs13 folded before Flop (didn't bet)
Seat 2: Vitinho_Kles folded before Flop (didn't bet)
Seat 4: joaquinbodega (button) collected (521)
Seat 5: Stas_Karas_911 (small blind) folded before Flop
Seat 6: gmdef.2001 (big blind) folded on the Flop
Seat 7: DaniloPMPB folded before Flop (didn't bet)
Seat 8: renatomaiag folded before Flop (didn't bet)



PokerStars Hand #257038351867: Tournament #3910308087, $10+$10+$2 USD Hold'em No Limit - Level V (45/90) - 2025/07/21 18:12:02 BRT [2025/07/21 17:12:02 ET]
Table '3910308087 2' 8-max Seat #5 is the button
Seat 1: Gabrielfs13 (4506 in chips, $10 bounty) 
Seat 2: Vitinho_Kles (5551 in chips, $10 bounty) 
Seat 4: joaquinbodega (3561 in chips, $10 bounty) 
Seat 5: Stas_Karas_911 (2107 in chips, $10 bounty) 
Seat 6: gmdef.2001 (5395 in chips, $10 bounty) 
Seat 7: DaniloPMPB (15820 in chips, $15 bounty) 
Seat 8: renatomaiag (3138 in chips, $10 bounty) 
Gabrielfs13: posts the ante 14
Vitinho_Kles: posts the ante 14
joaquinbodega: posts the ante 14
Stas_Karas_911: posts the ante 14
gmdef.2001: posts the ante 14
DaniloPMPB: posts the ante 14
renatomaiag: posts the ante 14
gmdef.2001: posts small blind 45
DaniloPMPB: posts big blind 90
*** HOLE CARDS ***
Dealt to Gabrielfs13 [Qh 2d]
renatomaiag: folds 
Gabrielfs13: folds 
Vitinho_Kles: folds 
joaquinbodega: folds 
Stas_Karas_911: raises 90 to 180
gmdef.2001: raises 360 to 540
Kidbrubru is disconnected 
DaniloPMPB: calls 450
Stas_Karas_911: folds 
*** FLOP *** [Tc Qc Th]
gmdef.2001: checks 
DaniloPMPB: checks 
*** TURN *** [Tc Qc Th] [2c]
gmdef.2001: checks 
DaniloPMPB: checks 
*** RIVER *** [Tc Qc Th 2c] [4c]
gmdef.2001 has timed out
gmdef.2001: checks 
DaniloPMPB: bets 1307
gmdef.2001: calls 1307
*** SHOW DOWN ***
DaniloPMPB: shows [Js Ac] (a flush, Ace high)
gmdef.2001: mucks hand 
DaniloPMPB collected 3972 from pot
*** SUMMARY ***
Total pot 3972 | Rake 0 
Board [Tc Qc Th 2c 4c]
Seat 1: Gabrielfs13 folded before Flop (didn't bet)
Seat 2: Vitinho_Kles folded before Flop (didn't bet)
Seat 4: joaquinbodega folded before Flop (didn't bet)
Seat 5: Stas_Karas_911 (button) folded before Flop
Seat 6: gmdef.2001 (small blind) mucked [Jc Kh]
Seat 7: DaniloPMPB (big blind) showed [Js Ac] and won (3972) with a flush, Ace high
Seat 8: renatomaiag folded before Flop (didn't bet)



PokerStars Hand #257038385114: Tournament #3910308087, $10+$10+$2 USD Hold'em No Limit - Level V (45/90) - 2025/07/21 18:14:19 BRT [2025/07/21 17:14:19 ET]
Table '3910308087 2' 8-max Seat #6 is the button
Seat 1: Gabrielfs13 (4492 in chips, $10 bounty) 
Seat 2: Vitinho_Kles (5537 in chips, $10 bounty) 
Seat 3: Kidbrubru (5000 in chips, $10 bounty) 
Seat 4: joaquinbodega (3547 in chips, $10 bounty) 
Seat 5: Stas_Karas_911 (1913 in chips, $10 bounty) 
Seat 6: gmdef.2001 (3534 in chips, $10 bounty) 
Seat 7: DaniloPMPB (17931 in chips, $15 bounty) 
Seat 8: renatomaiag (3124 in chips, $10 bounty) 
Gabrielfs13: posts the ante 14
Vitinho_Kles: posts the ante 14
Kidbrubru: posts the ante 14
joaquinbodega: posts the ante 14
Stas_Karas_911: posts the ante 14
gmdef.2001: posts the ante 14
DaniloPMPB: posts the ante 14
renatomaiag: posts the ante 14
DaniloPMPB: posts small blind 45
renatomaiag: posts big blind 90
*** HOLE CARDS ***
Dealt to Gabrielfs13 [Jh Tc]
Gabrielfs13: folds 
Vitinho_Kles: folds 
Kidbrubru: raises 90 to 180
joaquinbodega: folds 
Stas_Karas_911: folds 
gmdef.2001: folds 
DaniloPMPB: folds 
renatomaiag: folds 
Uncalled bet (90) returned to Kidbrubru
Kidbrubru collected 337 from pot
Kidbrubru: doesn't show hand 
*** SUMMARY ***
Total pot 337 | Rake 0 
Seat 1: Gabrielfs13 folded before Flop (didn't bet)
Seat 2: Vitinho_Kles folded before Flop (didn't bet)
Seat 3: Kidbrubru collected (337)
Seat 4: joaquinbodega folded before Flop (didn't bet)
Seat 5: Stas_Karas_911 folded before Flop (didn't bet)
Seat 6: gmdef.2001 (button) folded before Flop (didn't bet)
Seat 7: DaniloPMPB (small blind) folded before Flop
Seat 8: renatomaiag (big blind) folded before Flop



PokerStars Hand #257038394743: Tournament #3910308087, $10+$10+$2 USD Hold'em No Limit - Level V (45/90) - 2025/07/21 18:14:58 BRT [2025/07/21 17:14:58 ET]
Table '3910308087 2' 8-max Seat #7 is the button
Seat 1: Gabrielfs13 (4478 in chips, $10 bounty) 
Seat 2: Vitinho_Kles (5523 in chips, $10 bounty) 
Seat 3: Kidbrubru (5233 in chips, $10 bounty) 
Seat 4: joaquinbodega (3533 in chips, $10 bounty) 
Seat 5: Stas_Karas_911 (1899 in chips, $10 bounty) 
Seat 6: gmdef.2001 (3520 in chips, $10 bounty) 
Seat 7: DaniloPMPB (17872 in chips, $15 bounty) 
Seat 8: renatomaiag (3020 in chips, $10 bounty) 
Gabrielfs13: posts the ante 14
Vitinho_Kles: posts the ante 14
Kidbrubru: posts the ante 14
joaquinbodega: posts the ante 14
Stas_Karas_911: posts the ante 14
gmdef.2001: posts the ante 14
DaniloPMPB: posts the ante 14
renatomaiag: posts the ante 14
renatomaiag: posts small blind 45
Gabrielfs13: posts big blind 90
*** HOLE CARDS ***
Dealt to Gabrielfs13 [2d Js]
Vitinho_Kles: folds 
Kidbrubru: folds 
joaquinbodega: folds 
Stas_Karas_911: folds 
gmdef.2001: folds 
DaniloPMPB: raises 90 to 180
renatomaiag: folds 
Gabrielfs13: folds 
Uncalled bet (90) returned to DaniloPMPB
DaniloPMPB collected 337 from pot
DaniloPMPB: doesn't show hand 
*** SUMMARY ***
Total pot 337 | Rake 0 
Seat 1: Gabrielfs13 (big blind) folded before Flop
Seat 2: Vitinho_Kles folded before Flop (didn't bet)
Seat 3: Kidbrubru folded before Flop (didn't bet)
Seat 4: joaquinbodega folded before Flop (didn't bet)
Seat 5: Stas_Karas_911 folded before Flop (didn't bet)
Seat 6: gmdef.2001 folded before Flop (didn't bet)
Seat 7: DaniloPMPB (button) collected (337)
Seat 8: renatomaiag (small blind) folded before Flop



PokerStars Hand #257038400432: Tournament #3910308087, $10+$10+$2 USD Hold'em No Limit - Level V (45/90) - 2025/07/21 18:15:22 BRT [2025/07/21 17:15:22 ET]
Table '3910308087 2' 8-max Seat #8 is the button
Seat 1: Gabrielfs13 (4374 in chips, $10 bounty) 
Seat 2: Vitinho_Kles (5509 in chips, $10 bounty) 
Seat 3: Kidbrubru (5219 in chips, $10 bounty) 
Seat 5: Stas_Karas_911 (1885 in chips, $10 bounty) 
Seat 6: gmdef.2001 (3506 in chips, $10 bounty) 
Seat 7: DaniloPMPB (18105 in chips, $15 bounty) 
Seat 8: renatomaiag (2961 in chips, $10 bounty) 
Gabrielfs13: posts the ante 14
Vitinho_Kles: posts the ante 14
Kidbrubru: posts the ante 14
Stas_Karas_911: posts the ante 14
gmdef.2001: posts the ante 14
DaniloPMPB: posts the ante 14
renatomaiag: posts the ante 14
Gabrielfs13: posts small blind 45
Vitinho_Kles: posts big blind 90
*** HOLE CARDS ***
Dealt to Gabrielfs13 [Ts Th]
Kidbrubru: folds 
Stas_Karas_911: raises 90 to 180
gmdef.2001: folds 
DaniloPMPB: folds 
renatomaiag: folds 
Gabrielfs13: raises 4180 to 4360 and is all-in
Pisein31415 is disconnected 
Vitinho_Kles: folds 
Stas_Karas_911: folds 
Uncalled bet (4180) returned to Gabrielfs13
Gabrielfs13 collected 548 from pot
Gabrielfs13: doesn't show hand 
*** SUMMARY ***
Total pot 548 | Rake 0 
Seat 1: Gabrielfs13 (small blind) collected (548)
Seat 2: Vitinho_Kles (big blind) folded before Flop
Seat 3: Kidbrubru folded before Flop (didn't bet)
Seat 5: Stas_Karas_911 folded before Flop
Seat 6: gmdef.2001 folded before Flop (didn't bet)
Seat 7: DaniloPMPB folded before Flop (didn't bet)
Seat 8: renatomaiag (button) folded before Flop (didn't bet)



PokerStars Hand #257038409008: Tournament #3910308087, $10+$10+$2 USD Hold'em No Limit - Level V (45/90) - 2025/07/21 18:15:58 BRT [2025/07/21 17:15:58 ET]
Table '3910308087 2' 8-max Seat #1 is the button
Seat 1: Gabrielfs13 (4728 in chips, $10 bounty) 
Seat 2: Vitinho_Kles (5405 in chips, $10 bounty) 
Seat 3: Kidbrubru (5205 in chips, $10 bounty) 
Seat 4: Pisein31415 (5000 in chips, $10 bounty) 
Seat 5: Stas_Karas_911 (1691 in chips, $10 bounty) 
Seat 6: gmdef.2001 (3492 in chips, $10 bounty) 
Seat 7: DaniloPMPB (18091 in chips, $15 bounty) 
Seat 8: renatomaiag (2947 in chips, $10 bounty) 
Gabrielfs13: posts the ante 14
Vitinho_Kles: posts the ante 14
Kidbrubru: posts the ante 14
Pisein31415: posts the ante 14
Stas_Karas_911: posts the ante 14
gmdef.2001: posts the ante 14
DaniloPMPB: posts the ante 14
renatomaiag: posts the ante 14
Vitinho_Kles: posts small blind 45
Kidbrubru: posts big blind 90
*** HOLE CARDS ***
Dealt to Gabrielfs13 [2d 9d]
Pisein31415: folds 
Stas_Karas_911: folds 
gmdef.2001: folds 
DaniloPMPB: raises 135 to 225
renatomaiag: folds 
Gabrielfs13: folds 
Vitinho_Kles: folds 
Kidbrubru: calls 135
*** FLOP *** [8d 4c Kc]
Kidbrubru: checks 
DaniloPMPB: bets 200
Kidbrubru: folds 
Uncalled bet (200) returned to DaniloPMPB
DaniloPMPB collected 607 from pot
DaniloPMPB: doesn't show hand 
*** SUMMARY ***
Total pot 607 | Rake 0 
Board [8d 4c Kc]
Seat 1: Gabrielfs13 (button) folded before Flop (didn't bet)
Seat 2: Vitinho_Kles (small blind) folded before Flop
Seat 3: Kidbrubru (big blind) folded on the Flop
Seat 4: Pisein31415 folded before Flop (didn't bet)
Seat 5: Stas_Karas_911 folded before Flop (didn't bet)
Seat 6: gmdef.2001 folded before Flop (didn't bet)
Seat 7: DaniloPMPB collected (607)
Seat 8: renatomaiag folded before Flop (didn't bet)



PokerStars Hand #257038419674: Tournament #3910308087, $10+$10+$2 USD Hold'em No Limit - Level V (45/90) - 2025/07/21 18:16:42 BRT [2025/07/21 17:16:42 ET]
Table '3910308087 2' 8-max Seat #2 is the button
Seat 1: Gabrielfs13 (4714 in chips, $10 bounty) 
Seat 2: Vitinho_Kles (5346 in chips, $10 bounty) 
Seat 3: Kidbrubru (4966 in chips, $10 bounty) 
Seat 4: Pisein31415 (4986 in chips, $10 bounty) 
Seat 5: Stas_Karas_911 (1677 in chips, $10 bounty) 
Seat 7: DaniloPMPB (18459 in chips, $15 bounty) 
Seat 8: renatomaiag (2933 in chips, $10 bounty) 
Gabrielfs13: posts the ante 14
Vitinho_Kles: posts the ante 14
Kidbrubru: posts the ante 14
Pisein31415: posts the ante 14
Stas_Karas_911: posts the ante 14
DaniloPMPB: posts the ante 14
renatomaiag: posts the ante 14
Kidbrubru: posts small blind 45
Pisein31415: posts big blind 90
*** HOLE CARDS ***
Dealt to Gabrielfs13 [4d 2s]
Stas_Karas_911: folds 
DaniloPMPB: folds 
renatomaiag: folds 
Gabrielfs13: folds 
Vitinho_Kles: raises 90 to 180
Kidbrubru: calls 135
Pisein31415: calls 90
*** FLOP *** [8s 4s Ks]
Kidbrubru: checks 
Pisein31415: checks 
ElronMcBong88 is disconnected 
Vitinho_Kles: checks 
*** TURN *** [8s 4s Ks] [2h]
Kidbrubru: checks 
Pisein31415: checks 
Vitinho_Kles: checks 
*** RIVER *** [8s 4s Ks 2h] [8c]
Kidbrubru: checks 
Pisein31415: bets 540
Vitinho_Kles: folds 
Kidbrubru: folds 
Uncalled bet (540) returned to Pisein31415
Pisein31415 collected 638 from pot
Pisein31415: doesn't show hand 
*** SUMMARY ***
Total pot 638 | Rake 0 
Board [8s 4s Ks 2h 8c]
Seat 1: Gabrielfs13 folded before Flop (didn't bet)
Seat 2: Vitinho_Kles (button) folded on the River
Seat 3: Kidbrubru (small blind) folded on the River
Seat 4: Pisein31415 (big blind) collected (638)
Seat 5: Stas_Karas_911 folded before Flop (didn't bet)
Seat 7: DaniloPMPB folded before Flop (didn't bet)
Seat 8: renatomaiag folded before Flop (didn't bet)



PokerStars Hand #257038439607: Tournament #3910308087, $10+$10+$2 USD Hold'em No Limit - Level VI (50/100) - 2025/07/21 18:18:04 BRT [2025/07/21 17:18:04 ET]
Table '3910308087 2' 8-max Seat #3 is the button
Seat 1: Gabrielfs13 (4700 in chips, $10 bounty) 
Seat 2: Vitinho_Kles (5152 in chips, $10 bounty) 
Seat 3: Kidbrubru (4772 in chips, $10 bounty) 
Seat 4: Pisein31415 (5430 in chips, $10 bounty) 
Seat 5: Stas_Karas_911 (1663 in chips, $10 bounty) 
Seat 6: ElronMcBong88 (5000 in chips, $10 bounty) 
Seat 7: DaniloPMPB (18445 in chips, $15 bounty) 
Seat 8: renatomaiag (2919 in chips, $10 bounty) 
Gabrielfs13: posts the ante 15
Vitinho_Kles: posts the ante 15
Kidbrubru: posts the ante 15
Pisein31415: posts the ante 15
Stas_Karas_911: posts the ante 15
ElronMcBong88: posts the ante 15
DaniloPMPB: posts the ante 15
renatomaiag: posts the ante 15
Pisein31415: posts small blind 50
Stas_Karas_911: posts big blind 100
*** HOLE CARDS ***
Dealt to Gabrielfs13 [Jh 7d]
ElronMcBong88: folds 
DaniloPMPB: folds 
renatomaiag: folds 
Gabrielfs13: folds 
Vitinho_Kles: folds 
Kidbrubru: raises 100 to 200
Pisein31415: folds 
Stas_Karas_911: calls 100
*** FLOP *** [8d 9s 7c]
Stas_Karas_911: bets 188
Kidbrubru: calls 188
*** TURN *** [8d 9s 7c] [2d]
Stas_Karas_911: bets 312
Kidbrubru: calls 312
*** RIVER *** [8d 9s 7c 2d] [6s]
Stas_Karas_911: checks 
Kidbrubru: checks 
*** SHOW DOWN ***
Stas_Karas_911: shows [Qs 7s] (a pair of Sevens)
Kidbrubru: mucks hand 
Stas_Karas_911 collected 1570 from pot
*** SUMMARY ***
Total pot 1570 | Rake 0 
Board [8d 9s 7c 2d 6s]
Seat 1: Gabrielfs13 folded before Flop (didn't bet)
Seat 2: Vitinho_Kles folded before Flop (didn't bet)
Seat 3: Kidbrubru (button) mucked [Ah Qd]
Seat 4: Pisein31415 (small blind) folded before Flop
Seat 5: Stas_Karas_911 (big blind) showed [Qs 7s] and won (1570) with a pair of Sevens
Seat 6: ElronMcBong88 folded before Flop (didn't bet)
Seat 7: DaniloPMPB folded before Flop (didn't bet)
Seat 8: renatomaiag folded before Flop (didn't bet)



PokerStars Hand #257038457481: Tournament #3910308087, $10+$10+$2 USD Hold'em No Limit - Level VI (50/100) - 2025/07/21 18:19:18 BRT [2025/07/21 17:19:18 ET]
Table '3910308087 2' 8-max Seat #4 is the button
Seat 1: Gabrielfs13 (4685 in chips, $10 bounty) 
Seat 2: Vitinho_Kles (5137 in chips, $10 bounty) 
Seat 3: Kidbrubru (4057 in chips, $10 bounty) 
Seat 4: Pisein31415 (5365 in chips, $10 bounty) 
Seat 5: Stas_Karas_911 (2518 in chips, $10 bounty) 
Seat 6: ElronMcBong88 (4985 in chips, $10 bounty) 
Seat 7: DaniloPMPB (18430 in chips, $15 bounty) 
Seat 8: renatomaiag (2904 in chips, $10 bounty) 
Gabrielfs13: posts the ante 15
Vitinho_Kles: posts the ante 15
Kidbrubru: posts the ante 15
Pisein31415: posts the ante 15
Stas_Karas_911: posts the ante 15
ElronMcBong88: posts the ante 15
DaniloPMPB: posts the ante 15
renatomaiag: posts the ante 15
Stas_Karas_911: posts small blind 50
ElronMcBong88: posts big blind 100
*** HOLE CARDS ***
Dealt to Gabrielfs13 [Th Ad]
DaniloPMPB: raises 100 to 200
renatomaiag: folds 
Gabrielfs13: calls 200
Vitinho_Kles: folds 
Kidbrubru: folds 
Pisein31415: folds 
Stas_Karas_911: folds 
ElronMcBong88: folds 
*** FLOP *** [7s Jd 9h]
DaniloPMPB: checks 
Gabrielfs13: bets 221
DaniloPMPB: calls 221
*** TURN *** [7s Jd 9h] [6d]
DaniloPMPB: checks 
Gabrielfs13: checks 
*** RIVER *** [7s Jd 9h 6d] [9s]
DaniloPMPB: checks 
Gabrielfs13: checks 
*** SHOW DOWN ***
DaniloPMPB: shows [Qc Ah] (a pair of Nines)
Gabrielfs13: mucks hand 
DaniloPMPB collected 1112 from pot
*** SUMMARY ***
Total pot 1112 | Rake 0 
Board [7s Jd 9h 6d 9s]
Seat 1: Gabrielfs13 mucked [Th Ad]
Seat 2: Vitinho_Kles folded before Flop (didn't bet)
Seat 3: Kidbrubru folded before Flop (didn't bet)
Seat 4: Pisein31415 (button) folded before Flop (didn't bet)
Seat 5: Stas_Karas_911 (small blind) folded before Flop
Seat 6: ElronMcBong88 (big blind) folded before Flop
Seat 7: DaniloPMPB showed [Qc Ah] and won (1112) with a pair of Nines
Seat 8: renatomaiag folded before Flop (didn't bet)



PokerStars Hand #257038487590: Tournament #3910308087, $10+$10+$2 USD Hold'em No Limit - Level VI (50/100) - 2025/07/21 18:21:22 BRT [2025/07/21 17:21:22 ET]
Table '3910308087 2' 8-max Seat #5 is the button
Seat 1: Gabrielfs13 (4249 in chips, $10 bounty) 
Seat 2: Vitinho_Kles (5122 in chips, $10 bounty) 
Seat 3: Kidbrubru (4042 in chips, $10 bounty) 
Seat 4: Pisein31415 (5350 in chips, $10 bounty) 
Seat 5: Stas_Karas_911 (2453 in chips, $10 bounty) 
Seat 6: ElronMcBong88 (4870 in chips, $10 bounty) 
Seat 7: DaniloPMPB (19106 in chips, $15 bounty) 
Seat 8: renatomaiag (2889 in chips, $10 bounty) 
Gabrielfs13: posts the ante 15
Vitinho_Kles: posts the ante 15
Kidbrubru: posts the ante 15
Pisein31415: posts the ante 15
Stas_Karas_911: posts the ante 15
ElronMcBong88: posts the ante 15
DaniloPMPB: posts the ante 15
renatomaiag: posts the ante 15
ElronMcBong88: posts small blind 50
DaniloPMPB: posts big blind 100
*** HOLE CARDS ***
Dealt to Gabrielfs13 [2c 2h]
renatomaiag: folds 
Gabrielfs13: raises 100 to 200
Vitinho_Kles: folds 
Kidbrubru: folds 
Pisein31415: folds 
Stas_Karas_911: folds 
ElronMcBong88: folds 
DaniloPMPB: folds 
Uncalled bet (100) returned to Gabrielfs13
Gabrielfs13 collected 370 from pot
Gabrielfs13: doesn't show hand 
*** SUMMARY ***
Total pot 370 | Rake 0 
Seat 1: Gabrielfs13 collected (370)
Seat 2: Vitinho_Kles folded before Flop (didn't bet)
Seat 3: Kidbrubru folded before Flop (didn't bet)
Seat 4: Pisein31415 folded before Flop (didn't bet)
Seat 5: Stas_Karas_911 (button) folded before Flop (didn't bet)
Seat 6: ElronMcBong88 (small blind) folded before Flop
Seat 7: DaniloPMPB (big blind) folded before Flop
Seat 8: renatomaiag folded before Flop (didn't bet)



PokerStars Hand #257038494538: Tournament #3910308087, $10+$10+$2 USD Hold'em No Limit - Level VI (50/100) - 2025/07/21 18:21:50 BRT [2025/07/21 17:21:50 ET]
Table '3910308087 2' 8-max Seat #6 is the button
Seat 1: Gabrielfs13 (4504 in chips, $10 bounty) 
Seat 2: Vitinho_Kles (5107 in chips, $10 bounty) 
Seat 3: Kidbrubru (4027 in chips, $10 bounty) 
Seat 4: Pisein31415 (5335 in chips, $10 bounty) 
Seat 5: Stas_Karas_911 (2438 in chips, $10 bounty) 
Seat 6: ElronMcBong88 (4805 in chips, $10 bounty) 
Seat 7: DaniloPMPB (18991 in chips, $15 bounty) 
Seat 8: renatomaiag (2874 in chips, $10 bounty) 
Gabrielfs13: posts the ante 15
Vitinho_Kles: posts the ante 15
Kidbrubru: posts the ante 15
Pisein31415: posts the ante 15
Stas_Karas_911: posts the ante 15
ElronMcBong88: posts the ante 15
DaniloPMPB: posts the ante 15
renatomaiag: posts the ante 15
DaniloPMPB: posts small blind 50
renatomaiag: posts big blind 100
*** HOLE CARDS ***
Dealt to Gabrielfs13 [As 4h]
Gabrielfs13: folds 
Vitinho_Kles: folds 
Kidbrubru: folds 
Pisein31415: folds 
Stas_Karas_911: folds 
ElronMcBong88: folds 
DaniloPMPB: raises 150 to 250
renatomaiag: calls 150
*** FLOP *** [Tc Js 5d]
DaniloPMPB: bets 155
renatomaiag: calls 155
*** TURN *** [Tc Js 5d] [9h]
DaniloPMPB: checks 
renatomaiag: checks 
*** RIVER *** [Tc Js 5d 9h] [Jd]
DaniloPMPB: checks 
renatomaiag: bets 372
DaniloPMPB: calls 372
*** SHOW DOWN ***
renatomaiag: shows [9s Qs] (two pair, Jacks and Nines)
DaniloPMPB: mucks hand 
renatomaiag collected 1674 from pot
*** SUMMARY ***
Total pot 1674 | Rake 0 
Board [Tc Js 5d 9h Jd]
Seat 1: Gabrielfs13 folded before Flop (didn't bet)
Seat 2: Vitinho_Kles folded before Flop (didn't bet)
Seat 3: Kidbrubru folded before Flop (didn't bet)
Seat 4: Pisein31415 folded before Flop (didn't bet)
Seat 5: Stas_Karas_911 folded before Flop (didn't bet)
Seat 6: ElronMcBong88 (button) folded before Flop (didn't bet)
Seat 7: DaniloPMPB (small blind) mucked [8h 9c]
Seat 8: renatomaiag (big blind) showed [9s Qs] and won (1674) with two pair, Jacks and Nines



PokerStars Hand #257038513909: Tournament #3910308087, $10+$10+$2 USD Hold'em No Limit - Level VI (50/100) - 2025/07/21 18:23:12 BRT [2025/07/21 17:23:12 ET]
Table '3910308087 2' 8-max Seat #7 is the button
Seat 1: Gabrielfs13 (4489 in chips, $10 bounty) 
Seat 2: Vitinho_Kles (5092 in chips, $10 bounty) 
Seat 3: Kidbrubru (4012 in chips, $10 bounty) 
Seat 4: Pisein31415 (5320 in chips, $10 bounty) 
Seat 5: Stas_Karas_911 (2423 in chips, $10 bounty) 
Seat 6: ElronMcBong88 (4790 in chips, $10 bounty) 
Seat 7: DaniloPMPB (18199 in chips, $15 bounty) 
Seat 8: renatomaiag (3756 in chips, $10 bounty) 
Gabrielfs13: posts the ante 15
Vitinho_Kles: posts the ante 15
Kidbrubru: posts the ante 15
Pisein31415: posts the ante 15
Stas_Karas_911: posts the ante 15
ElronMcBong88: posts the ante 15
DaniloPMPB: posts the ante 15
renatomaiag: posts the ante 15
renatomaiag: posts small blind 50
Gabrielfs13: posts big blind 100
*** HOLE CARDS ***
Dealt to Gabrielfs13 [8d 4h]
Vitinho_Kles: folds 
Kidbrubru: folds 
Pisein31415: folds 
Stas_Karas_911: raises 100 to 200
ElronMcBong88: folds 
DaniloPMPB: folds 
renatomaiag: folds 
Gabrielfs13: folds 
Uncalled bet (100) returned to Stas_Karas_911
Stas_Karas_911 collected 370 from pot
Stas_Karas_911: doesn't show hand 
*** SUMMARY ***
Total pot 370 | Rake 0 
Seat 1: Gabrielfs13 (big blind) folded before Flop
Seat 2: Vitinho_Kles folded before Flop (didn't bet)
Seat 3: Kidbrubru folded before Flop (didn't bet)
Seat 4: Pisein31415 folded before Flop (didn't bet)
Seat 5: Stas_Karas_911 collected (370)
Seat 6: ElronMcBong88 folded before Flop (didn't bet)
Seat 7: DaniloPMPB (button) folded before Flop (didn't bet)
Seat 8: renatomaiag (small blind) folded before Flop



PokerStars Hand #257038521506: Tournament #3910308087, $10+$10+$2 USD Hold'em No Limit - Level VI (50/100) - 2025/07/21 18:23:44 BRT [2025/07/21 17:23:44 ET]
Table '3910308087 2' 8-max Seat #8 is the button
Seat 1: Gabrielfs13 (4374 in chips, $10 bounty) 
Seat 2: Vitinho_Kles (5077 in chips, $10 bounty) 
Seat 3: Kidbrubru (3997 in chips, $10 bounty) 
Seat 4: Pisein31415 (5305 in chips, $10 bounty) 
Seat 5: Stas_Karas_911 (2678 in chips, $10 bounty) 
Seat 6: ElronMcBong88 (4775 in chips, $10 bounty) 
Seat 7: DaniloPMPB (18184 in chips, $15 bounty) 
Seat 8: renatomaiag (3691 in chips, $10 bounty) 
Gabrielfs13: posts the ante 15
Vitinho_Kles: posts the ante 15
Kidbrubru: posts the ante 15
Pisein31415: posts the ante 15
Stas_Karas_911: posts the ante 15
ElronMcBong88: posts the ante 15
DaniloPMPB: posts the ante 15
renatomaiag: posts the ante 15
Gabrielfs13: posts small blind 50
Vitinho_Kles: posts big blind 100
*** HOLE CARDS ***
Dealt to Gabrielfs13 [7d 6d]
Kidbrubru: folds 
Pisein31415: folds 
Stas_Karas_911: raises 100 to 200
ElronMcBong88: folds 
DaniloPMPB: folds 
renatomaiag: folds 
Gabrielfs13: calls 150
Vitinho_Kles: folds 
*** FLOP *** [Ac Kd Qh]
Gabrielfs13: checks 
Stas_Karas_911: bets 205
Gabrielfs13: folds 
Uncalled bet (205) returned to Stas_Karas_911
Stas_Karas_911 collected 620 from pot
Stas_Karas_911: doesn't show hand 
*** SUMMARY ***
Total pot 620 | Rake 0 
Board [Ac Kd Qh]
Seat 1: Gabrielfs13 (small blind) folded on the Flop
Seat 2: Vitinho_Kles (big blind) folded before Flop
Seat 3: Kidbrubru folded before Flop (didn't bet)
Seat 4: Pisein31415 folded before Flop (didn't bet)
Seat 5: Stas_Karas_911 collected (620)
Seat 6: ElronMcBong88 folded before Flop (didn't bet)
Seat 7: DaniloPMPB folded before Flop (didn't bet)
Seat 8: renatomaiag (button) folded before Flop (didn't bet)



PokerStars Hand #257038534225: Tournament #3910308087, $10+$10+$2 USD Hold'em No Limit - Level VI (50/100) - 2025/07/21 18:24:37 BRT [2025/07/21 17:24:37 ET]
Table '3910308087 2' 8-max Seat #1 is the button
Seat 1: Gabrielfs13 (4159 in chips, $10 bounty) 
Seat 2: Vitinho_Kles (4962 in chips, $10 bounty) 
Seat 3: Kidbrubru (3982 in chips, $10 bounty) 
Seat 4: Pisein31415 (5290 in chips, $10 bounty) 
Seat 5: Stas_Karas_911 (3083 in chips, $10 bounty) 
Seat 6: ElronMcBong88 (4760 in chips, $10 bounty) 
Seat 7: DaniloPMPB (18169 in chips, $15 bounty) 
Seat 8: renatomaiag (3676 in chips, $10 bounty) 
Gabrielfs13: posts the ante 15
Vitinho_Kles: posts the ante 15
Kidbrubru: posts the ante 15
Pisein31415: posts the ante 15
Stas_Karas_911: posts the ante 15
ElronMcBong88: posts the ante 15
DaniloPMPB: posts the ante 15
renatomaiag: posts the ante 15
Vitinho_Kles: posts small blind 50
Kidbrubru: posts big blind 100
*** HOLE CARDS ***
Dealt to Gabrielfs13 [2h Tc]
Pisein31415: folds 
Stas_Karas_911: folds 
ElronMcBong88: folds 
DaniloPMPB: raises 100 to 200
renatomaiag: calls 200
Gabrielfs13: folds 
Vitinho_Kles: folds 
Kidbrubru: folds 
*** FLOP *** [5d Qh 3d]
DaniloPMPB: checks 
renatomaiag: bets 268
DaniloPMPB: folds 
Uncalled bet (268) returned to renatomaiag
renatomaiag collected 670 from pot
*** SUMMARY ***
Total pot 670 | Rake 0 
Board [5d Qh 3d]
Seat 1: Gabrielfs13 (button) folded before Flop (didn't bet)
Seat 2: Vitinho_Kles (small blind) folded before Flop
Seat 3: Kidbrubru (big blind) folded before Flop
Seat 4: Pisein31415 folded before Flop (didn't bet)
Seat 5: Stas_Karas_911 folded before Flop (didn't bet)
Seat 6: ElronMcBong88 folded before Flop (didn't bet)
Seat 7: DaniloPMPB folded on the Flop
Seat 8: renatomaiag collected (670)



PokerStars Hand #257038544906: Tournament #3910308087, $10+$10+$2 USD Hold'em No Limit - Level VI (50/100) - 2025/07/21 18:25:22 BRT [2025/07/21 17:25:22 ET]
Table '3910308087 2' 8-max Seat #2 is the button
Seat 1: Gabrielfs13 (4144 in chips, $10 bounty) 
Seat 2: Vitinho_Kles (4897 in chips, $10 bounty) 
Seat 3: Kidbrubru (3867 in chips, $10 bounty) 
Seat 4: Pisein31415 (5275 in chips, $10 bounty) 
Seat 5: Stas_Karas_911 (3068 in chips, $10 bounty) 
Seat 6: ElronMcBong88 (4745 in chips, $10 bounty) 
Seat 7: DaniloPMPB (17954 in chips, $15 bounty) 
Seat 8: renatomaiag (4131 in chips, $10 bounty) 
Gabrielfs13: posts the ante 15
Vitinho_Kles: posts the ante 15
Kidbrubru: posts the ante 15
Pisein31415: posts the ante 15
Stas_Karas_911: posts the ante 15
ElronMcBong88: posts the ante 15
DaniloPMPB: posts the ante 15
renatomaiag: posts the ante 15
Kidbrubru: posts small blind 50
Pisein31415: posts big blind 100
*** HOLE CARDS ***
Dealt to Gabrielfs13 [7s 5c]
Stas_Karas_911: folds 
ElronMcBong88: folds 
DaniloPMPB: folds 
renatomaiag: folds 
Gabrielfs13: folds 
Vitinho_Kles: folds 
Kidbrubru: raises 100 to 200
Pisein31415: calls 100
*** FLOP *** [Td Tc 6s]
Kidbrubru: checks 
Pisein31415: bets 130
Kidbrubru: calls 130
*** TURN *** [Td Tc 6s] [8c]
Kidbrubru: checks 
Pisein31415: bets 500
Kidbrubru: raises 600 to 1100
Pisein31415: folds 
Uncalled bet (600) returned to Kidbrubru
Kidbrubru collected 1780 from pot
Kidbrubru: doesn't show hand 
*** SUMMARY ***
Total pot 1780 | Rake 0 
Board [Td Tc 6s 8c]
Seat 1: Gabrielfs13 folded before Flop (didn't bet)
Seat 2: Vitinho_Kles (button) folded before Flop (didn't bet)
Seat 3: Kidbrubru (small blind) collected (1780)
Seat 4: Pisein31415 (big blind) folded on the Turn
Seat 5: Stas_Karas_911 folded before Flop (didn't bet)
Seat 6: ElronMcBong88 folded before Flop (didn't bet)
Seat 7: DaniloPMPB folded before Flop (didn't bet)
Seat 8: renatomaiag folded before Flop (didn't bet)



PokerStars Hand #257038564988: Tournament #3910308087, $10+$10+$2 USD Hold'em No Limit - Level VII (60/120) - 2025/07/21 18:26:46 BRT [2025/07/21 17:26:46 ET]
Table '3910308087 2' 8-max Seat #3 is the button
Seat 1: Gabrielfs13 (4129 in chips, $10 bounty) 
Seat 2: Vitinho_Kles (4882 in chips, $10 bounty) 
Seat 3: Kidbrubru (4802 in chips, $10 bounty) 
Seat 4: Pisein31415 (4430 in chips, $10 bounty) 
Seat 5: Stas_Karas_911 (3053 in chips, $10 bounty) 
Seat 6: ElronMcBong88 (4730 in chips, $10 bounty) 
Seat 7: DaniloPMPB (17939 in chips, $15 bounty) 
Seat 8: renatomaiag (4116 in chips, $10 bounty) 
Gabrielfs13: posts the ante 18
Vitinho_Kles: posts the ante 18
Kidbrubru: posts the ante 18
Pisein31415: posts the ante 18
Stas_Karas_911: posts the ante 18
ElronMcBong88: posts the ante 18
DaniloPMPB: posts the ante 18
renatomaiag: posts the ante 18
Pisein31415: posts small blind 60
Stas_Karas_911: posts big blind 120
*** HOLE CARDS ***
Dealt to Gabrielfs13 [2h Jh]
ElronMcBong88: folds 
DaniloPMPB: folds 
renatomaiag: raises 120 to 240
Gabrielfs13: folds 
Vitinho_Kles: calls 240
Kidbrubru: folds 
Pisein31415: folds 
Stas_Karas_911: folds 
*** FLOP *** [5h 2c 6c]
renatomaiag: checks 
Vitinho_Kles: checks 
*** TURN *** [5h 2c 6c] [2s]
renatomaiag: bets 563
Vitinho_Kles: calls 563
*** RIVER *** [5h 2c 6c 2s] [7d]
renatomaiag: checks 
Vitinho_Kles: checks 
*** SHOW DOWN ***
renatomaiag: shows [As Ts] (a pair of Deuces)
Vitinho_Kles: shows [Ah Jc] (a pair of Deuces - Ace+Jack kicker)
Vitinho_Kles collected 1930 from pot
*** SUMMARY ***
Total pot 1930 | Rake 0 
Board [5h 2c 6c 2s 7d]
Seat 1: Gabrielfs13 folded before Flop (didn't bet)
Seat 2: Vitinho_Kles showed [Ah Jc] and won (1930) with a pair of Deuces
Seat 3: Kidbrubru (button) folded before Flop (didn't bet)
Seat 4: Pisein31415 (small blind) folded before Flop
Seat 5: Stas_Karas_911 (big blind) folded before Flop
Seat 6: ElronMcBong88 folded before Flop (didn't bet)
Seat 7: DaniloPMPB folded before Flop (didn't bet)
Seat 8: renatomaiag showed [As Ts] and lost with a pair of Deuces



PokerStars Hand #257038589296: Tournament #3910308087, $10+$10+$2 USD Hold'em No Limit - Level VII (60/120) - 2025/07/21 18:28:30 BRT [2025/07/21 17:28:30 ET]
Table '3910308087 2' 8-max Seat #4 is the button
Seat 1: Gabrielfs13 (4111 in chips, $10 bounty) 
Seat 2: Vitinho_Kles (5991 in chips, $10 bounty) 
Seat 3: Kidbrubru (4784 in chips, $10 bounty) 
Seat 4: Pisein31415 (4352 in chips, $10 bounty) 
Seat 5: Stas_Karas_911 (2915 in chips, $10 bounty) 
Seat 6: ElronMcBong88 (4712 in chips, $10 bounty) 
Seat 7: DaniloPMPB (17921 in chips, $15 bounty) 
Seat 8: renatomaiag (3295 in chips, $10 bounty) 
Gabrielfs13: posts the ante 18
Vitinho_Kles: posts the ante 18
Kidbrubru: posts the ante 18
Pisein31415: posts the ante 18
Stas_Karas_911: posts the ante 18
ElronMcBong88: posts the ante 18
DaniloPMPB: posts the ante 18
renatomaiag: posts the ante 18
Stas_Karas_911: posts small blind 60
ElronMcBong88: posts big blind 120
*** HOLE CARDS ***
Dealt to Gabrielfs13 [3d 7d]
DaniloPMPB: folds 
renatomaiag: folds 
Gabrielfs13: folds 
Vitinho_Kles: folds 
Kidbrubru: folds 
Pisein31415: raises 120 to 240
Stas_Karas_911: folds 
ElronMcBong88: calls 120
*** FLOP *** [4d Kh 5s]
ElronMcBong88: checks 
Pisein31415: bets 226
ElronMcBong88: folds 
Uncalled bet (226) returned to Pisein31415
Pisein31415 collected 684 from pot
Pisein31415: doesn't show hand 
*** SUMMARY ***
Total pot 684 | Rake 0 
Board [4d Kh 5s]
Seat 1: Gabrielfs13 folded before Flop (didn't bet)
Seat 2: Vitinho_Kles folded before Flop (didn't bet)
Seat 3: Kidbrubru folded before Flop (didn't bet)
Seat 4: Pisein31415 (button) collected (684)
Seat 5: Stas_Karas_911 (small blind) folded before Flop
Seat 6: ElronMcBong88 (big blind) folded on the Flop
Seat 7: DaniloPMPB folded before Flop (didn't bet)
Seat 8: renatomaiag folded before Flop (didn't bet)



PokerStars Hand #257038600975: Tournament #3910308087, $10+$10+$2 USD Hold'em No Limit - Level VII (60/120) - 2025/07/21 18:29:19 BRT [2025/07/21 17:29:19 ET]
Table '3910308087 2' 8-max Seat #5 is the button
Seat 1: Gabrielfs13 (4093 in chips, $10 bounty) 
Seat 2: Vitinho_Kles (5973 in chips, $10 bounty) 
Seat 3: Kidbrubru (4766 in chips, $10 bounty) 
Seat 4: Pisein31415 (4778 in chips, $10 bounty) 
Seat 5: Stas_Karas_911 (2837 in chips, $10 bounty) 
Seat 6: ElronMcBong88 (4454 in chips, $10 bounty) 
Seat 7: DaniloPMPB (17903 in chips, $15 bounty) 
Seat 8: renatomaiag (3277 in chips, $10 bounty) 
Gabrielfs13: posts the ante 18
Vitinho_Kles: posts the ante 18
Kidbrubru: posts the ante 18
Pisein31415: posts the ante 18
Stas_Karas_911: posts the ante 18
ElronMcBong88: posts the ante 18
DaniloPMPB: posts the ante 18
renatomaiag: posts the ante 18
ElronMcBong88: posts small blind 60
DaniloPMPB: posts big blind 120
*** HOLE CARDS ***
Dealt to Gabrielfs13 [Qd Qh]
renatomaiag: folds 
Gabrielfs13: raises 120 to 240
Vitinho_Kles: folds 
Kidbrubru: calls 240
Pisein31415: raises 600 to 840
Stas_Karas_911: folds 
ElronMcBong88: folds 
DaniloPMPB: folds 
Gabrielfs13: raises 3235 to 4075 and is all-in
Kidbrubru: folds 
Pisein31415: folds 
Uncalled bet (3235) returned to Gabrielfs13
Gabrielfs13 collected 2244 from pot
Gabrielfs13: doesn't show hand 
*** SUMMARY ***
Total pot 2244 | Rake 0 
Seat 1: Gabrielfs13 collected (2244)
Seat 2: Vitinho_Kles folded before Flop (didn't bet)
Seat 3: Kidbrubru folded before Flop
Seat 4: Pisein31415 folded before Flop
Seat 5: Stas_Karas_911 (button) folded before Flop (didn't bet)
Seat 6: ElronMcBong88 (small blind) folded before Flop
Seat 7: DaniloPMPB (big blind) folded before Flop
Seat 8: renatomaiag folded before Flop (didn't bet)



PokerStars Hand #257038615737: Tournament #3910308087, $10+$10+$2 USD Hold'em No Limit - Level VII (60/120) - 2025/07/21 18:30:22 BRT [2025/07/21 17:30:22 ET]
Table '3910308087 2' 8-max Seat #6 is the button
Seat 1: Gabrielfs13 (5479 in chips, $10 bounty) 
Seat 2: Vitinho_Kles (5955 in chips, $10 bounty) 
Seat 3: Kidbrubru (4508 in chips, $10 bounty) 
Seat 4: Pisein31415 (3920 in chips, $10 bounty) 
Seat 5: Stas_Karas_911 (2819 in chips, $10 bounty) 
Seat 6: ElronMcBong88 (4376 in chips, $10 bounty) 
Seat 7: DaniloPMPB (17765 in chips, $15 bounty) 
Seat 8: renatomaiag (3259 in chips, $10 bounty) 
Gabrielfs13: posts the ante 18
Vitinho_Kles: posts the ante 18
Kidbrubru: posts the ante 18
Pisein31415: posts the ante 18
Stas_Karas_911: posts the ante 18
ElronMcBong88: posts the ante 18
DaniloPMPB: posts the ante 18
renatomaiag: posts the ante 18
DaniloPMPB: posts small blind 60
renatomaiag: posts big blind 120
*** HOLE CARDS ***
Dealt to Gabrielfs13 [Qh 9c]
Gabrielfs13: folds 
Vitinho_Kles: raises 120 to 240
Kidbrubru: folds 
Pisein31415: folds 
Stas_Karas_911: folds 
ElronMcBong88: calls 240
DaniloPMPB: folds 
renatomaiag: calls 120
*** FLOP *** [Kh 3s 6s]
renatomaiag: checks 
Vitinho_Kles: bets 305
ElronMcBong88: folds 
renatomaiag: folds 
Uncalled bet (305) returned to Vitinho_Kles
Vitinho_Kles collected 924 from pot
Vitinho_Kles: doesn't show hand 
*** SUMMARY ***
Total pot 924 | Rake 0 
Board [Kh 3s 6s]
Seat 1: Gabrielfs13 folded before Flop (didn't bet)
Seat 2: Vitinho_Kles collected (924)
Seat 3: Kidbrubru folded before Flop (didn't bet)
Seat 4: Pisein31415 folded before Flop (didn't bet)
Seat 5: Stas_Karas_911 folded before Flop (didn't bet)
Seat 6: ElronMcBong88 (button) folded on the Flop
Seat 7: DaniloPMPB (small blind) folded before Flop
Seat 8: renatomaiag (big blind) folded on the Flop



PokerStars Hand #257038624901: Tournament #3910308087, $10+$10+$2 USD Hold'em No Limit - Level VII (60/120) - 2025/07/21 18:31:01 BRT [2025/07/21 17:31:01 ET]
Table '3910308087 2' 8-max Seat #7 is the button
Seat 1: Gabrielfs13 (5461 in chips, $10 bounty) 
Seat 2: Vitinho_Kles (6621 in chips, $10 bounty) 
Seat 3: Kidbrubru (4490 in chips, $10 bounty) 
Seat 4: Pisein31415 (3902 in chips, $10 bounty) 
Seat 5: Stas_Karas_911 (2801 in chips, $10 bounty) 
Seat 6: ElronMcBong88 (4118 in chips, $10 bounty) 
Seat 7: DaniloPMPB (17687 in chips, $15 bounty) 
Seat 8: renatomaiag (3001 in chips, $10 bounty) 
Gabrielfs13: posts the ante 18
Vitinho_Kles: posts the ante 18
Kidbrubru: posts the ante 18
Pisein31415: posts the ante 18
Stas_Karas_911: posts the ante 18
ElronMcBong88: posts the ante 18
DaniloPMPB: posts the ante 18
renatomaiag: posts the ante 18
renatomaiag: posts small blind 60
Gabrielfs13: posts big blind 120
*** HOLE CARDS ***
Dealt to Gabrielfs13 [5h 7d]
Vitinho_Kles: folds 
Kidbrubru: folds 
Pisein31415: folds 
Stas_Karas_911: folds 
ElronMcBong88: folds 
DaniloPMPB: folds 
renatomaiag: calls 60
Gabrielfs13: raises 240 to 360
renatomaiag: calls 240
*** FLOP *** [Tc 2c 4s]
renatomaiag: checks 
Gabrielfs13: bets 285
renatomaiag: calls 285
*** TURN *** [Tc 2c 4s] [Ad]
renatomaiag: checks 
Gabrielfs13: bets 960
renatomaiag: folds 
Uncalled bet (960) returned to Gabrielfs13
Gabrielfs13 collected 1434 from pot
Gabrielfs13: doesn't show hand 
*** SUMMARY ***
Total pot 1434 | Rake 0 
Board [Tc 2c 4s Ad]
Seat 1: Gabrielfs13 (big blind) collected (1434)
Seat 2: Vitinho_Kles folded before Flop (didn't bet)
Seat 3: Kidbrubru folded before Flop (didn't bet)
Seat 4: Pisein31415 folded before Flop (didn't bet)
Seat 5: Stas_Karas_911 folded before Flop (didn't bet)
Seat 6: ElronMcBong88 folded before Flop (didn't bet)
Seat 7: DaniloPMPB (button) folded before Flop (didn't bet)
Seat 8: renatomaiag (small blind) folded on the Turn



PokerStars Hand #257038634606: Tournament #3910308087, $10+$10+$2 USD Hold'em No Limit - Level VII (60/120) - 2025/07/21 18:31:43 BRT [2025/07/21 17:31:43 ET]
Table '3910308087 2' 8-max Seat #8 is the button
Seat 1: Gabrielfs13 (6232 in chips, $10 bounty) 
Seat 2: Vitinho_Kles (6603 in chips, $10 bounty) 
Seat 3: Kidbrubru (4472 in chips, $10 bounty) 
Seat 4: Pisein31415 (3884 in chips, $10 bounty) 
Seat 5: Stas_Karas_911 (2783 in chips, $10 bounty) 
Seat 6: ElronMcBong88 (4100 in chips, $10 bounty) 
Seat 7: DaniloPMPB (17669 in chips, $15 bounty) 
Seat 8: renatomaiag (2338 in chips, $10 bounty) 
Gabrielfs13: posts the ante 18
Vitinho_Kles: posts the ante 18
Kidbrubru: posts the ante 18
Pisein31415: posts the ante 18
Stas_Karas_911: posts the ante 18
ElronMcBong88: posts the ante 18
DaniloPMPB: posts the ante 18
renatomaiag: posts the ante 18
Gabrielfs13: posts small blind 60
Vitinho_Kles: posts big blind 120
*** HOLE CARDS ***
Dealt to Gabrielfs13 [Th 4s]
Kidbrubru: folds 
Pisein31415: folds 
Stas_Karas_911: raises 120 to 240
ElronMcBong88: folds 
DaniloPMPB: calls 240
renatomaiag: folds 
Gabrielfs13: folds 
Vitinho_Kles: folds 
*** FLOP *** [3d 7h Ah]
Stas_Karas_911: checks 
DaniloPMPB: checks 
*** TURN *** [3d 7h Ah] [Qs]
Stas_Karas_911: bets 547
DaniloPMPB: calls 547
*** RIVER *** [3d 7h Ah Qs] [Ad]
Stas_Karas_911: bets 1978 and is all-in
DaniloPMPB: calls 1978
*** SHOW DOWN ***
Stas_Karas_911: shows [9c Ac] (three of a kind, Aces)
DaniloPMPB: shows [Tc As] (three of a kind, Aces - Queen+Ten kicker)
DaniloPMPB collected 5854 from pot
DaniloPMPB wins $5 for eliminating Stas_Karas_911 and their own bounty increases by $5 to $20
Stas_Karas_911 finished the tournament
*** SUMMARY ***
Total pot 5854 | Rake 0 
Board [3d 7h Ah Qs Ad]
Seat 1: Gabrielfs13 (small blind) folded before Flop
Seat 2: Vitinho_Kles (big blind) folded before Flop
Seat 3: Kidbrubru folded before Flop (didn't bet)
Seat 4: Pisein31415 folded before Flop (didn't bet)
Seat 5: Stas_Karas_911 showed [9c Ac] and lost with three of a kind, Aces
Seat 6: ElronMcBong88 folded before Flop (didn't bet)
Seat 7: DaniloPMPB showed [Tc As] and won (5854) with three of a kind, Aces
Seat 8: renatomaiag (button) folded before Flop (didn't bet)



PokerStars Hand #257038655934: Tournament #3910308087, $10+$10+$2 USD Hold'em No Limit - Level VII (60/120) - 2025/07/21 18:33:14 BRT [2025/07/21 17:33:14 ET]
Table '3910308087 2' 8-max Seat #1 is the button
Seat 1: Gabrielfs13 (6154 in chips, $10 bounty) 
Seat 2: Vitinho_Kles (6465 in chips, $10 bounty) 
Seat 3: Kidbrubru (4454 in chips, $10 bounty) 
Seat 4: Pisein31415 (3866 in chips, $10 bounty) 
Seat 6: ElronMcBong88 (4082 in chips, $10 bounty) 
Seat 7: DaniloPMPB (20740 in chips, $20 bounty) 
Seat 8: renatomaiag (2320 in chips, $10 bounty) 
Gabrielfs13: posts the ante 18
Vitinho_Kles: posts the ante 18
Kidbrubru: posts the ante 18
Pisein31415: posts the ante 18
ElronMcBong88: posts the ante 18
DaniloPMPB: posts the ante 18
renatomaiag: posts the ante 18
Vitinho_Kles: posts small blind 60
Kidbrubru: posts big blind 120
*** HOLE CARDS ***
Dealt to Gabrielfs13 [8h 8c]
Pisein31415: folds 
ElronMcBong88: folds 
DaniloPMPB: folds 
renatomaiag: folds 
Gabrielfs13: raises 120 to 240
Vitinho_Kles: raises 726 to 966
Kidbrubru: folds 
Gabrielfs13: raises 5170 to 6136 and is all-in
Vitinho_Kles: folds 
Uncalled bet (5170) returned to Gabrielfs13
Gabrielfs13 collected 2178 from pot
Gabrielfs13: doesn't show hand 
*** SUMMARY ***
Total pot 2178 | Rake 0 
Seat 1: Gabrielfs13 (button) collected (2178)
Seat 2: Vitinho_Kles (small blind) folded before Flop
Seat 3: Kidbrubru (big blind) folded before Flop
Seat 4: Pisein31415 folded before Flop (didn't bet)
Seat 6: ElronMcBong88 folded before Flop (didn't bet)
Seat 7: DaniloPMPB folded before Flop (didn't bet)
Seat 8: renatomaiag folded before Flop (didn't bet)



PokerStars Hand #257038665172: Tournament #3910308087, $10+$10+$2 USD Hold'em No Limit - Level VIII (70/140) - 2025/07/21 18:33:54 BRT [2025/07/21 17:33:54 ET]
Table '3910308087 2' 8-max Seat #2 is the button
Seat 1: Gabrielfs13 (7348 in chips, $10 bounty) 
Seat 2: Vitinho_Kles (5481 in chips, $10 bounty) 
Seat 3: Kidbrubru (4316 in chips, $10 bounty) 
Seat 4: Pisein31415 (3848 in chips, $10 bounty) 
Seat 6: ElronMcBong88 (4064 in chips, $10 bounty) 
Seat 7: DaniloPMPB (20722 in chips, $20 bounty) 
Seat 8: renatomaiag (2302 in chips, $10 bounty) 
Gabrielfs13: posts the ante 21
Vitinho_Kles: posts the ante 21
Kidbrubru: posts the ante 21
Pisein31415: posts the ante 21
ElronMcBong88: posts the ante 21
DaniloPMPB: posts the ante 21
renatomaiag: posts the ante 21
Kidbrubru: posts small blind 70
Pisein31415: posts big blind 140
*** HOLE CARDS ***
Dealt to Gabrielfs13 [9d 7s]
ElronMcBong88: folds 
DaniloPMPB: folds 
renatomaiag: raises 2141 to 2281 and is all-in
Gabrielfs13: folds 
Vitinho_Kles: folds 
Kidbrubru: folds 
Pisein31415: calls 2141
*** FLOP *** [5h 7c Ks]
*** TURN *** [5h 7c Ks] [8d]
*** RIVER *** [5h 7c Ks 8d] [Jc]
*** SHOW DOWN ***
Pisein31415: shows [Qs Ah] (high card Ace)
renatomaiag: shows [As Kh] (a pair of Kings)
renatomaiag collected 4779 from pot
*** SUMMARY ***
Total pot 4779 | Rake 0 
Board [5h 7c Ks 8d Jc]
Seat 1: Gabrielfs13 folded before Flop (didn't bet)
Seat 2: Vitinho_Kles (button) folded before Flop (didn't bet)
Seat 3: Kidbrubru (small blind) folded before Flop
Seat 4: Pisein31415 (big blind) showed [Qs Ah] and lost with high card Ace
Seat 6: ElronMcBong88 folded before Flop (didn't bet)
Seat 7: DaniloPMPB folded before Flop (didn't bet)
Seat 8: renatomaiag showed [As Kh] and won (4779) with a pair of Kings



PokerStars Hand #257038674161: Tournament #3910308087, $10+$10+$2 USD Hold'em No Limit - Level VIII (70/140) - 2025/07/21 18:34:33 BRT [2025/07/21 17:34:33 ET]
Table '3910308087 2' 8-max Seat #3 is the button
Seat 1: Gabrielfs13 (7327 in chips, $10 bounty) 
Seat 2: Vitinho_Kles (5460 in chips, $10 bounty) 
Seat 3: Kidbrubru (4225 in chips, $10 bounty) 
Seat 4: Pisein31415 (1546 in chips, $10 bounty) 
Seat 5: trouteuse (5000 in chips, $10 bounty) 
Seat 6: ElronMcBong88 (4043 in chips, $10 bounty) 
Seat 7: DaniloPMPB (20701 in chips, $20 bounty) 
Seat 8: renatomaiag (4779 in chips, $10 bounty) 
Gabrielfs13: posts the ante 21
Vitinho_Kles: posts the ante 21
Kidbrubru: posts the ante 21
Pisein31415: posts the ante 21
trouteuse: posts the ante 21
ElronMcBong88: posts the ante 21
DaniloPMPB: posts the ante 21
renatomaiag: posts the ante 21
Pisein31415: posts small blind 70
trouteuse: posts big blind 140
*** HOLE CARDS ***
Dealt to Gabrielfs13 [Js 4s]
ElronMcBong88: folds 
DaniloPMPB: folds 
renatomaiag: folds 
Gabrielfs13: folds 
Vitinho_Kles: raises 140 to 280
Kidbrubru: calls 280
Pisein31415: folds 
trouteuse: calls 140
*** FLOP *** [3d 5s Ac]
trouteuse: checks 
Vitinho_Kles: bets 356
Kidbrubru: folds 
trouteuse: folds 
Uncalled bet (356) returned to Vitinho_Kles
Vitinho_Kles collected 1078 from pot
Vitinho_Kles: doesn't show hand 
*** SUMMARY ***
Total pot 1078 | Rake 0 
Board [3d 5s Ac]
Seat 1: Gabrielfs13 folded before Flop (didn't bet)
Seat 2: Vitinho_Kles collected (1078)
Seat 3: Kidbrubru (button) folded on the Flop
Seat 4: Pisein31415 (small blind) folded before Flop
Seat 5: trouteuse (big blind) folded on the Flop
Seat 6: ElronMcBong88 folded before Flop (didn't bet)
Seat 7: DaniloPMPB folded before Flop (didn't bet)
Seat 8: renatomaiag folded before Flop (didn't bet)



PokerStars Hand #257038686016: Tournament #3910308087, $10+$10+$2 USD Hold'em No Limit - Level VIII (70/140) - 2025/07/21 18:35:24 BRT [2025/07/21 17:35:24 ET]
Table '3910308087 2' 8-max Seat #4 is the button
Seat 1: Gabrielfs13 (7306 in chips, $10 bounty) 
Seat 2: Vitinho_Kles (6237 in chips, $10 bounty) 
Seat 3: Kidbrubru (3924 in chips, $10 bounty) 
Seat 4: Pisein31415 (1455 in chips, $10 bounty) 
Seat 5: trouteuse (4699 in chips, $10 bounty) 
Seat 6: ElronMcBong88 (4022 in chips, $10 bounty) 
Seat 7: DaniloPMPB (20680 in chips, $20 bounty) 
Seat 8: renatomaiag (4758 in chips, $10 bounty) 
Gabrielfs13: posts the ante 21
Vitinho_Kles: posts the ante 21
Kidbrubru: posts the ante 21
Pisein31415: posts the ante 21
trouteuse: posts the ante 21
ElronMcBong88: posts the ante 21
DaniloPMPB: posts the ante 21
renatomaiag: posts the ante 21
trouteuse: posts small blind 70
ElronMcBong88: posts big blind 140
*** HOLE CARDS ***
Dealt to Gabrielfs13 [Qc Jc]
DaniloPMPB: folds 
renatomaiag: folds 
Gabrielfs13: raises 140 to 280
Vitinho_Kles: folds 
Kidbrubru: folds 
Pisein31415: raises 1154 to 1434 and is all-in
trouteuse: raises 3244 to 4678 and is all-in
ElronMcBong88: folds 
Gabrielfs13: calls 4398
*** FLOP *** [Ah 3c 6s]
*** TURN *** [Ah 3c 6s] [2d]
*** RIVER *** [Ah 3c 6s 2d] [Kh]
*** SHOW DOWN ***
trouteuse: shows [Tc Ad] (a pair of Aces)
Gabrielfs13: shows [Qc Jc] (high card Ace)
trouteuse collected 6488 from side pot
Pisein31415: shows [Jd Js] (a pair of Jacks)
trouteuse collected 4610 from main pot
trouteuse wins $5 for eliminating Pisein31415 and their own bounty increases by $5 to $15
Pisein31415 finished the tournament
*** SUMMARY ***
Total pot 11098 Main pot 4610. Side pot 6488. | Rake 0 
Board [Ah 3c 6s 2d Kh]
Seat 1: Gabrielfs13 showed [Qc Jc] and lost with high card Ace
Seat 2: Vitinho_Kles folded before Flop (didn't bet)
Seat 3: Kidbrubru folded before Flop (didn't bet)
Seat 4: Pisein31415 (button) showed [Jd Js] and lost with a pair of Jacks
Seat 5: trouteuse (small blind) showed [Tc Ad] and won (11098) with a pair of Aces
Seat 6: ElronMcBong88 (big blind) folded before Flop
Seat 7: DaniloPMPB folded before Flop (didn't bet)
Seat 8: renatomaiag folded before Flop (didn't bet)



PokerStars Hand #257038693687: Tournament #3910308087, $10+$10+$2 USD Hold'em No Limit - Level VIII (70/140) - 2025/07/21 18:35:57 BRT [2025/07/21 17:35:57 ET]
Table '3910308087 2' 8-max Seat #5 is the button
Seat 1: Gabrielfs13 (2607 in chips, $10 bounty) 
Seat 2: Vitinho_Kles (6216 in chips, $10 bounty) 
Seat 3: Kidbrubru (3903 in chips, $10 bounty) 
Seat 5: trouteuse (11098 in chips, $15 bounty) 
Seat 6: ElronMcBong88 (3861 in chips, $10 bounty) 
Seat 7: DaniloPMPB (20659 in chips, $20 bounty) 
Seat 8: renatomaiag (4737 in chips, $10 bounty) 
Gabrielfs13: posts the ante 21
Vitinho_Kles: posts the ante 21
Kidbrubru: posts the ante 21
trouteuse: posts the ante 21
ElronMcBong88: posts the ante 21
DaniloPMPB: posts the ante 21
renatomaiag: posts the ante 21
ElronMcBong88: posts small blind 70
DaniloPMPB: posts big blind 140
*** HOLE CARDS ***
Dealt to Gabrielfs13 [2d 8h]
bhallaldeva is disconnected 
renatomaiag: folds 
Gabrielfs13: folds 
Vitinho_Kles: folds 
Kidbrubru: folds 
trouteuse: raises 280 to 420
ElronMcBong88: folds 
DaniloPMPB: calls 280
*** FLOP *** [4d 5c 4h]
DaniloPMPB: checks 
trouteuse: checks 
*** TURN *** [4d 5c 4h] [As]
DaniloPMPB: checks 
trouteuse: bets 280
DaniloPMPB: calls 280
*** RIVER *** [4d 5c 4h As] [9h]
DaniloPMPB: checks 
trouteuse: checks 
*** SHOW DOWN ***
DaniloPMPB: shows [Ac 8c] (two pair, Aces and Fours)
trouteuse: mucks hand 
DaniloPMPB collected 1617 from pot
*** SUMMARY ***
Total pot 1617 | Rake 0 
Board [4d 5c 4h As 9h]
Seat 1: Gabrielfs13 folded before Flop (didn't bet)
Seat 2: Vitinho_Kles folded before Flop (didn't bet)
Seat 3: Kidbrubru folded before Flop (didn't bet)
Seat 5: trouteuse (button) mucked [Qs Kh]
Seat 6: ElronMcBong88 (small blind) folded before Flop
Seat 7: DaniloPMPB (big blind) showed [Ac 8c] and won (1617) with two pair, Aces and Fours
Seat 8: renatomaiag folded before Flop (didn't bet)



PokerStars Hand #257038706974: Tournament #3910308087, $10+$10+$2 USD Hold'em No Limit - Level VIII (70/140) - 2025/07/21 18:36:54 BRT [2025/07/21 17:36:54 ET]
Table '3910308087 2' 8-max Seat #6 is the button
Seat 1: Gabrielfs13 (2586 in chips, $10 bounty) 
Seat 2: Vitinho_Kles (6195 in chips, $10 bounty) 
Seat 3: Kidbrubru (3882 in chips, $10 bounty) 
Seat 4: bhallaldeva (5159 in chips, $10 bounty) 
Seat 5: trouteuse (10377 in chips, $15 bounty) 
Seat 6: ElronMcBong88 (3770 in chips, $10 bounty) 
Seat 7: DaniloPMPB (21555 in chips, $20 bounty) 
Seat 8: renatomaiag (4716 in chips, $10 bounty) 
Gabrielfs13: posts the ante 21
Vitinho_Kles: posts the ante 21
Kidbrubru: posts the ante 21
bhallaldeva: posts the ante 21
trouteuse: posts the ante 21
ElronMcBong88: posts the ante 21
DaniloPMPB: posts the ante 21
renatomaiag: posts the ante 21
DaniloPMPB: posts small blind 70
renatomaiag: posts big blind 140
*** HOLE CARDS ***
Dealt to Gabrielfs13 [2h 3d]
Gabrielfs13: folds 
Vitinho_Kles: folds 
Kidbrubru: folds 
bhallaldeva: folds 
trouteuse: calls 140
ElronMcBong88: folds 
DaniloPMPB: raises 560 to 700
renatomaiag: raises 3995 to 4695 and is all-in
trouteuse: folds 
DaniloPMPB: folds 
Uncalled bet (3995) returned to renatomaiag
renatomaiag collected 1708 from pot
*** SUMMARY ***
Total pot 1708 | Rake 0 
Seat 1: Gabrielfs13 folded before Flop (didn't bet)
Seat 2: Vitinho_Kles folded before Flop (didn't bet)
Seat 3: Kidbrubru folded before Flop (didn't bet)
Seat 4: bhallaldeva folded before Flop (didn't bet)
Seat 5: trouteuse folded before Flop
Seat 6: ElronMcBong88 (button) folded before Flop (didn't bet)
Seat 7: DaniloPMPB (small blind) folded before Flop
Seat 8: renatomaiag (big blind) collected (1708)



PokerStars Hand #257038714614: Tournament #3910308087, $10+$10+$2 USD Hold'em No Limit - Level VIII (70/140) - 2025/07/21 18:37:27 BRT [2025/07/21 17:37:27 ET]
Table '3910308087 2' 8-max Seat #7 is the button
Seat 1: Gabrielfs13 (2565 in chips, $10 bounty) 
Seat 2: Vitinho_Kles (6174 in chips, $10 bounty) 
Seat 3: Kidbrubru (3861 in chips, $10 bounty) 
Seat 4: bhallaldeva (5138 in chips, $10 bounty) 
Seat 5: trouteuse (10216 in chips, $15 bounty) 
Seat 6: ElronMcBong88 (3749 in chips, $10 bounty) 
Seat 7: DaniloPMPB (20834 in chips, $20 bounty) 
Seat 8: renatomaiag (5703 in chips, $10 bounty) 
Gabrielfs13: posts the ante 21
Vitinho_Kles: posts the ante 21
Kidbrubru: posts the ante 21
bhallaldeva: posts the ante 21
trouteuse: posts the ante 21
ElronMcBong88: posts the ante 21
DaniloPMPB: posts the ante 21
renatomaiag: posts the ante 21
renatomaiag: posts small blind 70
Gabrielfs13: posts big blind 140
*** HOLE CARDS ***
Dealt to Gabrielfs13 [Tc Qh]
Vitinho_Kles: folds 
Kidbrubru: folds 
bhallaldeva: folds 
trouteuse: folds 
ElronMcBong88: folds 
DaniloPMPB: folds 
renatomaiag: raises 5542 to 5682 and is all-in
Gabrielfs13: calls 2404 and is all-in
Uncalled bet (3138) returned to renatomaiag
*** FLOP *** [Jc 4d 9s]
*** TURN *** [Jc 4d 9s] [Ad]
*** RIVER *** [Jc 4d 9s Ad] [5c]
*** SHOW DOWN ***
renatomaiag: shows [Ac 6h] (a pair of Aces)
Gabrielfs13: shows [Tc Qh] (high card Ace)
renatomaiag collected 5256 from pot
renatomaiag wins $5 for eliminating Gabrielfs13 and their own bounty increases by $5 to $15
Gabrielfs13 finished the tournament
*** SUMMARY ***
Total pot 5256 | Rake 0 
Board [Jc 4d 9s Ad 5c]
Seat 1: Gabrielfs13 (big blind) showed [Tc Qh] and lost with high card Ace
Seat 2: Vitinho_Kles folded before Flop (didn't bet)
Seat 3: Kidbrubru folded before Flop (didn't bet)
Seat 4: bhallaldeva folded before Flop (didn't bet)
Seat 5: trouteuse folded before Flop (didn't bet)
Seat 6: ElronMcBong88 folded before Flop (didn't bet)
Seat 7: DaniloPMPB (button) folded before Flop (didn't bet)
Seat 8: renatomaiag (small blind) showed [Ac 6h] and won (5256) with a pair of Aces



