PokerStars Hand #257280053271: Tournament #3916201937, $8.00+$7.50+$1.00 USD Hold'em No Limit - Level I (25/50) - 2025/08/09 18:35:00 BRT [2025/08/09 17:35:00 ET]
Table '3916201937 13' 7-max Seat #1 is the button
Seat 1: Gabrielfs13 (5000 in chips, $7.50 bounty) 
Seat 2: promezeus (5000 in chips, $7.50 bounty) 
Seat 3: YAKA HULA (5000 in chips, $7.50 bounty) 
Seat 4: Hericiaceae (5000 in chips, $7.50 bounty) 
Seat 5: Gregzmoney (5000 in chips, $7.50 bounty) 
Seat 6: Laved11 (5000 in chips, $7.50 bounty) 
Seat 7: Borgesxx (5000 in chips, $7.50 bounty) 
Gabrielfs13: posts the ante 12
promezeus: posts the ante 12
YAKA HULA: posts the ante 12
Hericiaceae: posts the ante 12
Gregzmoney: posts the ante 12
Laved11: posts the ante 12
Borgesxx: posts the ante 12
promezeus: posts small blind 25
YAKA HULA: posts big blind 50
*** HOLE CARDS ***
Dealt to Gabrielfs13 [8d 7h]
Hericiaceae: folds 
Gregzmoney: raises 100 to 150
Laved11: raises 459 to 609
Borgesxx: folds 
Gabrielfs13: folds 
promezeus is disconnected 
promezeus is connected 
promezeus is connected 
promezeus: folds 
YAKA HULA: folds 
YAKA HULA is sitting out
Gregzmoney: folds 
Uncalled bet (459) returned to Laved11
Laved11 collected 459 from pot
Laved11: doesn't show hand 
*** SUMMARY ***
Total pot 459 | Rake 0 
Seat 1: Gabrielfs13 (button) folded before Flop (didn't bet)
Seat 2: promezeus (small blind) folded before Flop
Seat 3: YAKA HULA (big blind) folded before Flop
Seat 4: Hericiaceae folded before Flop (didn't bet)
Seat 5: Gregzmoney folded before Flop
Seat 6: Laved11 collected (459)
Seat 7: Borgesxx folded before Flop (didn't bet)



PokerStars Hand #257280069284: Tournament #3916201937, $8.00+$7.50+$1.00 USD Hold'em No Limit - Level I (25/50) - 2025/08/09 18:36:10 BRT [2025/08/09 17:36:10 ET]
Table '3916201937 13' 7-max Seat #2 is the button
Seat 1: Gabrielfs13 (4988 in chips, $7.50 bounty) 
Seat 2: promezeus (4963 in chips, $7.50 bounty) 
Seat 3: YAKA HULA (4938 in chips, $7.50 bounty) is sitting out
Seat 5: Gregzmoney (4838 in chips, $7.50 bounty) 
Seat 6: Laved11 (5297 in chips, $7.50 bounty) 
Seat 7: Borgesxx (4988 in chips, $7.50 bounty) 
Gabrielfs13: posts the ante 12
promezeus: posts the ante 12
YAKA HULA: posts the ante 12
Gregzmoney: posts the ante 12
Laved11: posts the ante 12
Borgesxx: posts the ante 12
YAKA HULA: posts small blind 25
Gregzmoney: posts big blind 50
*** HOLE CARDS ***
Dealt to Gabrielfs13 [Qs 3s]
Laved11: folds 
Borgesxx: folds 
Gabrielfs13: folds 
promezeus: raises 50 to 100
YAKA HULA: folds 
Gregzmoney: raises 250 to 350
glnas is disconnected 
promezeus: calls 250
*** FLOP *** [2d Ad Jc]
Gregzmoney: checks 
promezeus: checks 
*** TURN *** [2d Ad Jc] [4h]
Gregzmoney: bets 399
promezeus: folds 
Uncalled bet (399) returned to Gregzmoney
Gregzmoney collected 797 from pot
Gregzmoney: doesn't show hand 
*** SUMMARY ***
Total pot 797 | Rake 0 
Board [2d Ad Jc 4h]
Seat 1: Gabrielfs13 folded before Flop (didn't bet)
Seat 2: promezeus (button) folded on the Turn
Seat 3: YAKA HULA (small blind) folded before Flop
Seat 5: Gregzmoney (big blind) collected (797)
Seat 6: Laved11 folded before Flop (didn't bet)
Seat 7: Borgesxx folded before Flop (didn't bet)



PokerStars Hand #257280076703: Tournament #3916201937, $8.00+$7.50+$1.00 USD Hold'em No Limit - Level I (25/50) - 2025/08/09 18:36:44 BRT [2025/08/09 17:36:44 ET]
Table '3916201937 13' 7-max Seat #3 is the button
Seat 1: Gabrielfs13 (4976 in chips, $7.50 bounty) 
Seat 2: promezeus (4601 in chips, $7.50 bounty) 
Seat 3: YAKA HULA (4901 in chips, $7.50 bounty) is sitting out
Seat 4: glnas (5000 in chips) out of hand (moved from another table into small blind)
Seat 5: Gregzmoney (5273 in chips, $7.50 bounty) 
Seat 7: Borgesxx (4976 in chips, $7.50 bounty) 
glnas will be allowed to play after the button
Gabrielfs13: posts the ante 12
promezeus: posts the ante 12
YAKA HULA: posts the ante 12
Gregzmoney: posts the ante 12
Borgesxx: posts the ante 12
Gregzmoney: posts small blind 25
Borgesxx: posts big blind 50
*** HOLE CARDS ***
Dealt to Gabrielfs13 [5h 7d]
Gabrielfs13: folds 
promezeus: folds 
YAKA HULA: folds 
Gregzmoney: raises 150 to 200
Borgesxx: folds 
Uncalled bet (150) returned to Gregzmoney
Gregzmoney collected 160 from pot
Gregzmoney: doesn't show hand 
bertola12 is disconnected 
*** SUMMARY ***
Total pot 160 | Rake 0 
Seat 1: Gabrielfs13 folded before Flop (didn't bet)
Seat 2: promezeus folded before Flop (didn't bet)
Seat 3: YAKA HULA (button) folded before Flop (didn't bet)
Seat 5: Gregzmoney (small blind) collected (160)
Seat 7: Borgesxx (big blind) folded before Flop



PokerStars Hand #257280080715: Tournament #3916201937, $8.00+$7.50+$1.00 USD Hold'em No Limit - Level I (25/50) - 2025/08/09 18:37:01 BRT [2025/08/09 17:37:01 ET]
Table '3916201937 13' 7-max Seat #5 is the button
Seat 1: Gabrielfs13 (4964 in chips, $7.50 bounty) 
Seat 2: promezeus (4589 in chips, $7.50 bounty) 
Seat 3: YAKA HULA (4889 in chips, $7.50 bounty) is sitting out
Seat 4: glnas (5000 in chips, $7.50 bounty) 
Seat 5: Gregzmoney (5371 in chips, $7.50 bounty) 
Seat 6: bertola12 (5000 in chips) out of hand (moved from another table into small blind)
Seat 7: Borgesxx (4914 in chips, $7.50 bounty) 
bertola12 will be allowed to play after the button
Gabrielfs13: posts the ante 12
promezeus: posts the ante 12
YAKA HULA: posts the ante 12
glnas: posts the ante 12
Gregzmoney: posts the ante 12
Borgesxx: posts the ante 12
Borgesxx: posts small blind 25
Gabrielfs13: posts big blind 50
*** HOLE CARDS ***
Dealt to Gabrielfs13 [6s 7h]
promezeus: raises 100 to 150
YAKA HULA: folds 
glnas: raises 450 to 600
Gregzmoney: folds 
Borgesxx: folds 
Gabrielfs13: folds 
promezeus: calls 450
*** FLOP *** [9h Th 6d]
promezeus: checks 
glnas: bets 445
promezeus: raises 1119 to 1564
glnas: folds 
Uncalled bet (1119) returned to promezeus
promezeus collected 2237 from pot
promezeus: doesn't show hand 
*** SUMMARY ***
Total pot 2237 | Rake 0 
Board [9h Th 6d]
Seat 1: Gabrielfs13 (big blind) folded before Flop
Seat 2: promezeus collected (2237)
Seat 3: YAKA HULA folded before Flop (didn't bet)
Seat 4: glnas folded on the Flop
Seat 5: Gregzmoney (button) folded before Flop (didn't bet)
Seat 7: Borgesxx (small blind) folded before Flop



PokerStars Hand #257280091883: Tournament #3916201937, $8.00+$7.50+$1.00 USD Hold'em No Limit - Level I (25/50) - 2025/08/09 18:37:51 BRT [2025/08/09 17:37:51 ET]
Table '3916201937 13' 7-max Seat #7 is the button
Seat 1: Gabrielfs13 (4902 in chips, $7.50 bounty) 
Seat 3: YAKA HULA (4877 in chips, $7.50 bounty) is sitting out
Seat 4: glnas (3943 in chips, $7.50 bounty) 
Seat 5: Gregzmoney (5359 in chips, $7.50 bounty) 
Seat 6: bertola12 (5000 in chips, $7.50 bounty) 
Seat 7: Borgesxx (4877 in chips, $7.50 bounty) 
Gabrielfs13: posts the ante 12
YAKA HULA: posts the ante 12
glnas: posts the ante 12
Gregzmoney: posts the ante 12
bertola12: posts the ante 12
Borgesxx: posts the ante 12
Gabrielfs13: posts small blind 25
YAKA HULA: posts big blind 50
*** HOLE CARDS ***
Dealt to Gabrielfs13 [6h Js]
glnas: raises 70 to 120
Gregzmoney: raises 220 to 340
bertola12: folds 
Borgesxx: folds 
Gabrielfs13: folds 
YAKA HULA: folds 
glnas: folds 
Uncalled bet (220) returned to Gregzmoney
Gregzmoney collected 387 from pot
Gregzmoney: doesn't show hand 
*** SUMMARY ***
Total pot 387 | Rake 0 
Seat 1: Gabrielfs13 (small blind) folded before Flop
Seat 3: YAKA HULA (big blind) folded before Flop
Seat 4: glnas folded before Flop
Seat 5: Gregzmoney collected (387)
Seat 6: bertola12 folded before Flop (didn't bet)
Seat 7: Borgesxx (button) folded before Flop (didn't bet)



PokerStars Hand #257280101504: Tournament #3916201937, $8.00+$7.50+$1.00 USD Hold'em No Limit - Level II (30/60) - 2025/08/09 18:38:33 BRT [2025/08/09 17:38:33 ET]
Table '3916201937 13' 7-max Seat #1 is the button
Seat 1: Gabrielfs13 (4865 in chips, $7.50 bounty) 
Seat 2: jaktavfc (5000 in chips) out of hand (moved from another table into small blind)
Seat 3: YAKA HULA (4815 in chips, $7.50 bounty) is sitting out
Seat 4: glnas (3811 in chips, $7.50 bounty) 
Seat 5: Gregzmoney (5614 in chips, $7.50 bounty) 
Seat 6: bertola12 (4988 in chips, $7.50 bounty) 
Seat 7: Borgesxx (4865 in chips, $7.50 bounty) 
jaktavfc will be allowed to play after the button
Gabrielfs13: posts the ante 15
YAKA HULA: posts the ante 15
glnas: posts the ante 15
Gregzmoney: posts the ante 15
bertola12: posts the ante 15
Borgesxx: posts the ante 15
YAKA HULA: posts small blind 30
glnas: posts big blind 60
*** HOLE CARDS ***
Dealt to Gabrielfs13 [8d 6d]
Gregzmoney: folds 
bertola12: folds 
Borgesxx: folds 
YAKA HULA has returned
jaktavfc is disconnected 
Gabrielfs13: raises 60 to 120
YAKA HULA: raises 240 to 360
glnas: folds 
Gabrielfs13: calls 240
*** FLOP *** [4d Kh 2s]
YAKA HULA: bets 287
Gabrielfs13: folds 
Uncalled bet (287) returned to YAKA HULA
YAKA HULA collected 870 from pot
YAKA HULA: doesn't show hand 
*** SUMMARY ***
Total pot 870 | Rake 0 
Board [4d Kh 2s]
Seat 1: Gabrielfs13 (button) folded on the Flop
Seat 3: YAKA HULA (small blind) collected (870)
Seat 4: glnas (big blind) folded before Flop
Seat 5: Gregzmoney folded before Flop (didn't bet)
Seat 6: bertola12 folded before Flop (didn't bet)
Seat 7: Borgesxx folded before Flop (didn't bet)



PokerStars Hand #257280113642: Tournament #3916201937, $8.00+$7.50+$1.00 USD Hold'em No Limit - Level II (30/60) - 2025/08/09 18:39:27 BRT [2025/08/09 17:39:27 ET]
Table '3916201937 13' 7-max Seat #3 is the button
Seat 1: Gabrielfs13 (4490 in chips, $7.50 bounty) 
Seat 2: jaktavfc (5000 in chips, $7.50 bounty) 
Seat 3: YAKA HULA (5310 in chips, $7.50 bounty) 
Seat 4: glnas (3736 in chips, $7.50 bounty) 
Seat 5: Gregzmoney (5599 in chips, $7.50 bounty) 
Seat 6: bertola12 (4973 in chips, $7.50 bounty) 
Seat 7: Borgesxx (4850 in chips, $7.50 bounty) 
Gabrielfs13: posts the ante 15
jaktavfc: posts the ante 15
YAKA HULA: posts the ante 15
glnas: posts the ante 15
Gregzmoney: posts the ante 15
bertola12: posts the ante 15
Borgesxx: posts the ante 15
glnas: posts small blind 30
Gregzmoney: posts big blind 60
*** HOLE CARDS ***
Dealt to Gabrielfs13 [3d 7s]
bertola12: folds 
Borgesxx: folds 
Gabrielfs13: folds 
jaktavfc: folds 
YAKA HULA: raises 84 to 144
glnas: folds 
Gregzmoney: calls 84
*** FLOP *** [Jd Qs 6c]
Gregzmoney: checks 
YAKA HULA: checks 
*** TURN *** [Jd Qs 6c] [2c]
Gregzmoney: bets 180
YAKA HULA: calls 180
*** RIVER *** [Jd Qs 6c 2c] [7c]
Gregzmoney: checks 
YAKA HULA: checks 
*** SHOW DOWN ***
Gregzmoney: shows [Kd 6s] (a pair of Sixes)
YAKA HULA: shows [Tc Th] (a pair of Tens)
YAKA HULA collected 783 from pot
*** SUMMARY ***
Total pot 783 | Rake 0 
Board [Jd Qs 6c 2c 7c]
Seat 1: Gabrielfs13 folded before Flop (didn't bet)
Seat 2: jaktavfc folded before Flop (didn't bet)
Seat 3: YAKA HULA (button) showed [Tc Th] and won (783) with a pair of Tens
Seat 4: glnas (small blind) folded before Flop
Seat 5: Gregzmoney (big blind) showed [Kd 6s] and lost with a pair of Sixes
Seat 6: bertola12 folded before Flop (didn't bet)
Seat 7: Borgesxx folded before Flop (didn't bet)



PokerStars Hand #257280128967: Tournament #3916201937, $8.00+$7.50+$1.00 USD Hold'em No Limit - Level II (30/60) - 2025/08/09 18:40:36 BRT [2025/08/09 17:40:36 ET]
Table '3916201937 13' 7-max Seat #4 is the button
Seat 1: Gabrielfs13 (4475 in chips, $7.50 bounty) 
Seat 2: jaktavfc (4985 in chips, $7.50 bounty) 
Seat 3: YAKA HULA (5754 in chips, $7.50 bounty) 
Seat 4: glnas (3691 in chips, $7.50 bounty) 
Seat 5: Gregzmoney (5260 in chips, $7.50 bounty) 
Seat 6: bertola12 (4958 in chips, $7.50 bounty) 
Seat 7: Borgesxx (4835 in chips, $7.50 bounty) 
Gabrielfs13: posts the ante 15
jaktavfc: posts the ante 15
YAKA HULA: posts the ante 15
glnas: posts the ante 15
Gregzmoney: posts the ante 15
bertola12: posts the ante 15
Borgesxx: posts the ante 15
Gregzmoney: posts small blind 30
bertola12: posts big blind 60
*** HOLE CARDS ***
Dealt to Gabrielfs13 [Ks 7h]
Borgesxx: folds 
Gabrielfs13: folds 
jaktavfc: folds 
YAKA HULA: raises 84 to 144
glnas: folds 
Gregzmoney: raises 453 to 597
bertola12: folds 
YAKA HULA: calls 453
*** FLOP *** [2h 9h 6c]
Gregzmoney: bets 680
YAKA HULA: calls 680
*** TURN *** [2h 9h 6c] [4h]
Gregzmoney: checks 
YAKA HULA: checks 
*** RIVER *** [2h 9h 6c 4h] [7d]
Gregzmoney: checks 
YAKA HULA: bets 1468
Gregzmoney: folds 
Uncalled bet (1468) returned to YAKA HULA
YAKA HULA collected 2719 from pot
YAKA HULA: doesn't show hand 
*** SUMMARY ***
Total pot 2719 | Rake 0 
Board [2h 9h 6c 4h 7d]
Seat 1: Gabrielfs13 folded before Flop (didn't bet)
Seat 2: jaktavfc folded before Flop (didn't bet)
Seat 3: YAKA HULA collected (2719)
Seat 4: glnas (button) folded before Flop (didn't bet)
Seat 5: Gregzmoney (small blind) folded on the River
Seat 6: bertola12 (big blind) folded before Flop
Seat 7: Borgesxx folded before Flop (didn't bet)



PokerStars Hand #257280151812: Tournament #3916201937, $8.00+$7.50+$1.00 USD Hold'em No Limit - Level III (40/80) - 2025/08/09 18:42:19 BRT [2025/08/09 17:42:19 ET]
Table '3916201937 13' 7-max Seat #5 is the button
Seat 1: Gabrielfs13 (4460 in chips, $7.50 bounty) 
Seat 2: jaktavfc (4970 in chips, $7.50 bounty) 
Seat 3: YAKA HULA (7181 in chips, $7.50 bounty) 
Seat 4: glnas (3676 in chips, $7.50 bounty) 
Seat 5: Gregzmoney (3968 in chips, $7.50 bounty) 
Seat 6: bertola12 (4883 in chips, $7.50 bounty) 
Seat 7: Borgesxx (4820 in chips, $7.50 bounty) 
Gabrielfs13: posts the ante 20
jaktavfc: posts the ante 20
YAKA HULA: posts the ante 20
glnas: posts the ante 20
Gregzmoney: posts the ante 20
bertola12: posts the ante 20
Borgesxx: posts the ante 20
bertola12: posts small blind 40
Borgesxx: posts big blind 80
*** HOLE CARDS ***
Dealt to Gabrielfs13 [Ts 5s]
Gabrielfs13: folds 
jaktavfc: folds 
YAKA HULA: raises 112 to 192
glnas: calls 192
Gregzmoney: raises 836 to 1028
bertola12: folds 
Borgesxx: folds 
YAKA HULA: calls 836
glnas: calls 836
*** FLOP *** [Qh Qd 9c]
YAKA HULA: checks 
glnas: checks 
Gregzmoney: bets 480
YAKA HULA: folds 
glnas: folds 
Uncalled bet (480) returned to Gregzmoney
Gregzmoney collected 3344 from pot
Gregzmoney: doesn't show hand 
*** SUMMARY ***
Total pot 3344 | Rake 0 
Board [Qh Qd 9c]
Seat 1: Gabrielfs13 folded before Flop (didn't bet)
Seat 2: jaktavfc folded before Flop (didn't bet)
Seat 3: YAKA HULA folded on the Flop
Seat 4: glnas folded on the Flop
Seat 5: Gregzmoney (button) collected (3344)
Seat 6: bertola12 (small blind) folded before Flop
Seat 7: Borgesxx (big blind) folded before Flop



PokerStars Hand #257280168830: Tournament #3916201937, $8.00+$7.50+$1.00 USD Hold'em No Limit - Level III (40/80) - 2025/08/09 18:43:35 BRT [2025/08/09 17:43:35 ET]
Table '3916201937 13' 7-max Seat #6 is the button
Seat 1: Gabrielfs13 (4440 in chips, $7.50 bounty) 
Seat 2: jaktavfc (4950 in chips, $7.50 bounty) 
Seat 3: YAKA HULA (6133 in chips, $7.50 bounty) 
Seat 4: glnas (2628 in chips, $7.50 bounty) 
Seat 5: Gregzmoney (6264 in chips, $7.50 bounty) 
Seat 6: bertola12 (4823 in chips, $7.50 bounty) 
Seat 7: Borgesxx (4720 in chips, $7.50 bounty) 
Gabrielfs13: posts the ante 20
jaktavfc: posts the ante 20
YAKA HULA: posts the ante 20
glnas: posts the ante 20
Gregzmoney: posts the ante 20
bertola12: posts the ante 20
Borgesxx: posts the ante 20
Borgesxx: posts small blind 40
Gabrielfs13: posts big blind 80
*** HOLE CARDS ***
Dealt to Gabrielfs13 [2s 9s]
jaktavfc: folds 
YAKA HULA: raises 112 to 192
glnas: folds 
Gregzmoney: folds 
bertola12: folds 
Borgesxx: folds 
Gabrielfs13: calls 112
*** FLOP *** [Jd 6c 7c]
Gabrielfs13: checks 
YAKA HULA: bets 305
Gabrielfs13: folds 
Uncalled bet (305) returned to YAKA HULA
YAKA HULA collected 564 from pot
YAKA HULA: doesn't show hand 
*** SUMMARY ***
Total pot 564 | Rake 0 
Board [Jd 6c 7c]
Seat 1: Gabrielfs13 (big blind) folded on the Flop
Seat 2: jaktavfc folded before Flop (didn't bet)
Seat 3: YAKA HULA collected (564)
Seat 4: glnas folded before Flop (didn't bet)
Seat 5: Gregzmoney folded before Flop (didn't bet)
Seat 6: bertola12 (button) folded before Flop (didn't bet)
Seat 7: Borgesxx (small blind) folded before Flop



PokerStars Hand #257280186512: Tournament #3916201937, $8.00+$7.50+$1.00 USD Hold'em No Limit - Level IV (50/100) - 2025/08/09 18:44:56 BRT [2025/08/09 17:44:56 ET]
Table '3916201937 13' 7-max Seat #7 is the button
Seat 1: Gabrielfs13 (4228 in chips, $7.50 bounty) 
Seat 2: jaktavfc (4930 in chips, $7.50 bounty) 
Seat 3: YAKA HULA (6485 in chips, $7.50 bounty) 
Seat 4: glnas (2608 in chips, $7.50 bounty) 
Seat 5: Gregzmoney (6244 in chips, $7.50 bounty) 
Seat 6: bertola12 (4803 in chips, $7.50 bounty) 
Seat 7: Borgesxx (4660 in chips, $7.50 bounty) 
Gabrielfs13: posts the ante 25
jaktavfc: posts the ante 25
YAKA HULA: posts the ante 25
glnas: posts the ante 25
Gregzmoney: posts the ante 25
bertola12: posts the ante 25
Borgesxx: posts the ante 25
Gabrielfs13: posts small blind 50
jaktavfc: posts big blind 100
*** HOLE CARDS ***
Dealt to Gabrielfs13 [4c 2h]
YAKA HULA: folds 
glnas: folds 
Gregzmoney: raises 200 to 300
bertola12: folds 
Borgesxx: folds 
Gabrielfs13: folds 
jaktavfc: calls 200
*** FLOP *** [2d 6h Jh]
jaktavfc: checks 
Gregzmoney: checks 
*** TURN *** [2d 6h Jh] [8s]
jaktavfc: checks 
Gregzmoney: checks 
*** RIVER *** [2d 6h Jh 8s] [Js]
jaktavfc: checks 
Gregzmoney: checks 
*** SHOW DOWN ***
jaktavfc: shows [2c Kd] (two pair, Jacks and Deuces)
Gregzmoney: mucks hand 
jaktavfc collected 825 from pot
*** SUMMARY ***
Total pot 825 | Rake 0 
Board [2d 6h Jh 8s Js]
Seat 1: Gabrielfs13 (small blind) folded before Flop
Seat 2: jaktavfc (big blind) showed [2c Kd] and won (825) with two pair, Jacks and Deuces
Seat 3: YAKA HULA folded before Flop (didn't bet)
Seat 4: glnas folded before Flop (didn't bet)
Seat 5: Gregzmoney mucked [7h Ad]
Seat 6: bertola12 folded before Flop (didn't bet)
Seat 7: Borgesxx (button) folded before Flop (didn't bet)



PokerStars Hand #257280204543: Tournament #3916201937, $8.00+$7.50+$1.00 USD Hold'em No Limit - Level IV (50/100) - 2025/08/09 18:46:18 BRT [2025/08/09 17:46:18 ET]
Table '3916201937 13' 7-max Seat #1 is the button
Seat 1: Gabrielfs13 (4153 in chips, $7.50 bounty) 
Seat 2: jaktavfc (5430 in chips, $7.50 bounty) 
Seat 3: YAKA HULA (6460 in chips, $7.50 bounty) 
Seat 4: glnas (2583 in chips, $7.50 bounty) 
Seat 5: Gregzmoney (5919 in chips, $7.50 bounty) 
Seat 6: bertola12 (4778 in chips, $7.50 bounty) 
Seat 7: Borgesxx (4635 in chips, $7.50 bounty) 
Gabrielfs13: posts the ante 25
jaktavfc: posts the ante 25
YAKA HULA: posts the ante 25
glnas: posts the ante 25
Gregzmoney: posts the ante 25
bertola12: posts the ante 25
Borgesxx: posts the ante 25
jaktavfc: posts small blind 50
YAKA HULA: posts big blind 100
*** HOLE CARDS ***
Dealt to Gabrielfs13 [Ad 5c]
glnas: folds 
Gregzmoney: folds 
bertola12: folds 
Borgesxx: folds 
Gabrielfs13: raises 100 to 200
jaktavfc: folds 
YAKA HULA: calls 100
*** FLOP *** [Th As 8d]
YAKA HULA: checks 
Gabrielfs13: bets 150
YAKA HULA: folds 
Uncalled bet (150) returned to Gabrielfs13
Gabrielfs13 collected 625 from pot
Gabrielfs13: doesn't show hand 
*** SUMMARY ***
Total pot 625 | Rake 0 
Board [Th As 8d]
Seat 1: Gabrielfs13 (button) collected (625)
Seat 2: jaktavfc (small blind) folded before Flop
Seat 3: YAKA HULA (big blind) folded on the Flop
Seat 4: glnas folded before Flop (didn't bet)
Seat 5: Gregzmoney folded before Flop (didn't bet)
Seat 6: bertola12 folded before Flop (didn't bet)
Seat 7: Borgesxx folded before Flop (didn't bet)



PokerStars Hand #257280218777: Tournament #3916201937, $8.00+$7.50+$1.00 USD Hold'em No Limit - Level V (60/120) - 2025/08/09 18:47:23 BRT [2025/08/09 17:47:23 ET]
Table '3916201937 13' 7-max Seat #2 is the button
Seat 1: Gabrielfs13 (4553 in chips, $7.50 bounty) 
Seat 2: jaktavfc (5355 in chips, $7.50 bounty) 
Seat 3: YAKA HULA (6235 in chips, $7.50 bounty) 
Seat 4: glnas (2558 in chips, $7.50 bounty) 
Seat 5: Gregzmoney (5894 in chips, $7.50 bounty) 
Seat 6: bertola12 (4753 in chips, $7.50 bounty) 
Seat 7: Borgesxx (4610 in chips, $7.50 bounty) 
Gabrielfs13: posts the ante 30
jaktavfc: posts the ante 30
YAKA HULA: posts the ante 30
glnas: posts the ante 30
Gregzmoney: posts the ante 30
bertola12: posts the ante 30
Borgesxx: posts the ante 30
YAKA HULA: posts small blind 60
glnas: posts big blind 120
*** HOLE CARDS ***
Dealt to Gabrielfs13 [7h 6h]
Gregzmoney: folds 
bertola12: folds 
Borgesxx: raises 120 to 240
Gabrielfs13: folds 
jaktavfc: folds 
YAKA HULA: calls 180
glnas: raises 2288 to 2528 and is all-in
Borgesxx: folds 
YAKA HULA: folds 
Uncalled bet (2288) returned to glnas
glnas collected 930 from pot
glnas: doesn't show hand 
*** SUMMARY ***
Total pot 930 | Rake 0 
Seat 1: Gabrielfs13 folded before Flop (didn't bet)
Seat 2: jaktavfc (button) folded before Flop (didn't bet)
Seat 3: YAKA HULA (small blind) folded before Flop
Seat 4: glnas (big blind) collected (930)
Seat 5: Gregzmoney folded before Flop (didn't bet)
Seat 6: bertola12 folded before Flop (didn't bet)
Seat 7: Borgesxx folded before Flop



PokerStars Hand #257280232285: Tournament #3916201937, $8.00+$7.50+$1.00 USD Hold'em No Limit - Level V (60/120) - 2025/08/09 18:48:24 BRT [2025/08/09 17:48:24 ET]
Table '3916201937 13' 7-max Seat #3 is the button
Seat 1: Gabrielfs13 (4523 in chips, $7.50 bounty) 
Seat 2: jaktavfc (5325 in chips, $7.50 bounty) 
Seat 3: YAKA HULA (5965 in chips, $7.50 bounty) 
Seat 4: glnas (3218 in chips, $7.50 bounty) 
Seat 5: Gregzmoney (5864 in chips, $7.50 bounty) 
Seat 6: bertola12 (4723 in chips, $7.50 bounty) 
Seat 7: Borgesxx (4340 in chips, $7.50 bounty) 
Gabrielfs13: posts the ante 30
jaktavfc: posts the ante 30
YAKA HULA: posts the ante 30
glnas: posts the ante 30
Gregzmoney: posts the ante 30
bertola12: posts the ante 30
Borgesxx: posts the ante 30
glnas: posts small blind 60
Gregzmoney: posts big blind 120
*** HOLE CARDS ***
Dealt to Gabrielfs13 [9d Qs]
bertola12: folds 
Borgesxx: raises 120 to 240
Gabrielfs13: folds 
jaktavfc: calls 240
YAKA HULA: calls 240
glnas: folds 
Gregzmoney: raises 1230 to 1470
Borgesxx: folds 
jaktavfc: folds 
YAKA HULA: folds 
Uncalled bet (1230) returned to Gregzmoney
Gregzmoney collected 1230 from pot
Gregzmoney: doesn't show hand 
*** SUMMARY ***
Total pot 1230 | Rake 0 
Seat 1: Gabrielfs13 folded before Flop (didn't bet)
Seat 2: jaktavfc folded before Flop
Seat 3: YAKA HULA (button) folded before Flop
Seat 4: glnas (small blind) folded before Flop
Seat 5: Gregzmoney (big blind) collected (1230)
Seat 6: bertola12 folded before Flop (didn't bet)
Seat 7: Borgesxx folded before Flop



PokerStars Hand #257280242605: Tournament #3916201937, $8.00+$7.50+$1.00 USD Hold'em No Limit - Level V (60/120) - 2025/08/09 18:49:12 BRT [2025/08/09 17:49:12 ET]
Table '3916201937 13' 7-max Seat #4 is the button
Seat 1: Gabrielfs13 (4493 in chips, $7.50 bounty) 
Seat 2: jaktavfc (5055 in chips, $7.50 bounty) 
Seat 3: YAKA HULA (5695 in chips, $7.50 bounty) 
Seat 4: glnas (3128 in chips, $7.50 bounty) 
Seat 5: Gregzmoney (6824 in chips, $7.50 bounty) 
Seat 6: bertola12 (4693 in chips, $7.50 bounty) 
Seat 7: Borgesxx (4070 in chips, $7.50 bounty) 
Gabrielfs13: posts the ante 30
jaktavfc: posts the ante 30
YAKA HULA: posts the ante 30
glnas: posts the ante 30
Gregzmoney: posts the ante 30
bertola12: posts the ante 30
Borgesxx: posts the ante 30
Gregzmoney: posts small blind 60
bertola12: posts big blind 120
*** HOLE CARDS ***
Dealt to Gabrielfs13 [8c 2h]
Borgesxx: folds 
Gabrielfs13: folds 
jaktavfc: raises 120 to 240
YAKA HULA: folds 
glnas: folds 
Gregzmoney: folds 
bertola12: calls 120
*** FLOP *** [Kd Ah 5h]
bertola12: checks 
jaktavfc: bets 255
bertola12: calls 255
*** TURN *** [Kd Ah 5h] [6h]
bertola12: checks 
jaktavfc: checks 
*** RIVER *** [Kd Ah 5h 6h] [Qh]
bertola12: bets 120
jaktavfc: calls 120
*** SHOW DOWN ***
bertola12: shows [5s 9d] (a pair of Fives)
jaktavfc: shows [As Tc] (a pair of Aces)
jaktavfc collected 1500 from pot
*** SUMMARY ***
Total pot 1500 | Rake 0 
Board [Kd Ah 5h 6h Qh]
Seat 1: Gabrielfs13 folded before Flop (didn't bet)
Seat 2: jaktavfc showed [As Tc] and won (1500) with a pair of Aces
Seat 3: YAKA HULA folded before Flop (didn't bet)
Seat 4: glnas (button) folded before Flop (didn't bet)
Seat 5: Gregzmoney (small blind) folded before Flop
Seat 6: bertola12 (big blind) showed [5s 9d] and lost with a pair of Fives
Seat 7: Borgesxx folded before Flop (didn't bet)



PokerStars Hand #257280260366: Tournament #3916201937, $8.00+$7.50+$1.00 USD Hold'em No Limit - Level VI (80/160) - 2025/08/09 18:50:35 BRT [2025/08/09 17:50:35 ET]
Table '3916201937 13' 7-max Seat #5 is the button
Seat 1: Gabrielfs13 (4463 in chips, $7.50 bounty) 
Seat 2: jaktavfc (5910 in chips, $7.50 bounty) 
Seat 3: YAKA HULA (5665 in chips, $7.50 bounty) 
Seat 4: glnas (3098 in chips, $7.50 bounty) 
Seat 5: Gregzmoney (6734 in chips, $7.50 bounty) 
Seat 6: bertola12 (4048 in chips, $7.50 bounty) 
Seat 7: Borgesxx (4040 in chips, $7.50 bounty) 
Gabrielfs13: posts the ante 40
jaktavfc: posts the ante 40
YAKA HULA: posts the ante 40
glnas: posts the ante 40
Gregzmoney: posts the ante 40
bertola12: posts the ante 40
Borgesxx: posts the ante 40
bertola12: posts small blind 80
Borgesxx: posts big blind 160
*** HOLE CARDS ***
Dealt to Gabrielfs13 [Qd 8s]
Gabrielfs13: folds 
jaktavfc: raises 160 to 320
YAKA HULA: folds 
glnas: folds 
Gregzmoney: folds 
bertola12: folds 
Borgesxx: calls 160
*** FLOP *** [7h Qh As]
Borgesxx: checks 
jaktavfc: bets 340
Borgesxx: calls 340
*** TURN *** [7h Qh As] [Jh]
Borgesxx: checks 
jaktavfc: checks 
*** RIVER *** [7h Qh As Jh] [3c]
Borgesxx: bets 1378
jaktavfc: calls 1378
*** SHOW DOWN ***
Borgesxx: shows [6h 5h] (a flush, Queen high)
jaktavfc: mucks hand 
Borgesxx collected 4436 from pot
*** SUMMARY ***
Total pot 4436 | Rake 0 
Board [7h Qh As Jh 3c]
Seat 1: Gabrielfs13 folded before Flop (didn't bet)
Seat 2: jaktavfc mucked [8d Ad]
Seat 3: YAKA HULA folded before Flop (didn't bet)
Seat 4: glnas folded before Flop (didn't bet)
Seat 5: Gregzmoney (button) folded before Flop (didn't bet)
Seat 6: bertola12 (small blind) folded before Flop
Seat 7: Borgesxx (big blind) showed [6h 5h] and won (4436) with a flush, Queen high



PokerStars Hand #257280273888: Tournament #3916201937, $8.00+$7.50+$1.00 USD Hold'em No Limit - Level VI (80/160) - 2025/08/09 18:51:38 BRT [2025/08/09 17:51:38 ET]
Table '3916201937 13' 7-max Seat #6 is the button
Seat 1: Gabrielfs13 (4423 in chips, $7.50 bounty) 
Seat 2: jaktavfc (3832 in chips, $7.50 bounty) 
Seat 3: YAKA HULA (5625 in chips, $7.50 bounty) 
Seat 4: glnas (3058 in chips, $7.50 bounty) 
Seat 5: Gregzmoney (6694 in chips, $7.50 bounty) 
Seat 6: bertola12 (3928 in chips, $7.50 bounty) 
Seat 7: Borgesxx (6398 in chips, $7.50 bounty) 
Gabrielfs13: posts the ante 40
jaktavfc: posts the ante 40
YAKA HULA: posts the ante 40
glnas: posts the ante 40
Gregzmoney: posts the ante 40
bertola12: posts the ante 40
Borgesxx: posts the ante 40
Borgesxx: posts small blind 80
Gabrielfs13: posts big blind 160
*** HOLE CARDS ***
Dealt to Gabrielfs13 [Ts 8d]
jaktavfc: folds 
YAKA HULA: folds 
glnas: folds 
Gregzmoney: raises 320 to 480
bertola12: folds 
Borgesxx: raises 1120 to 1600
Gabrielfs13: folds 
Gregzmoney: calls 1120
*** FLOP *** [6c Th Qc]
Borgesxx: bets 910
Gregzmoney: calls 910
*** TURN *** [6c Th Qc] [2s]
Borgesxx: checks 
Gregzmoney: bets 4144 and is all-in
Borgesxx: folds 
Uncalled bet (4144) returned to Gregzmoney
Gregzmoney collected 5460 from pot
Gregzmoney: doesn't show hand 
*** SUMMARY ***
Total pot 5460 | Rake 0 
Board [6c Th Qc 2s]
Seat 1: Gabrielfs13 (big blind) folded before Flop
Seat 2: jaktavfc folded before Flop (didn't bet)
Seat 3: YAKA HULA folded before Flop (didn't bet)
Seat 4: glnas folded before Flop (didn't bet)
Seat 5: Gregzmoney collected (5460)
Seat 6: bertola12 (button) folded before Flop (didn't bet)
Seat 7: Borgesxx (small blind) folded on the Turn



PokerStars Hand #257280302647: Tournament #3916201937, $8.00+$7.50+$1.00 USD Hold'em No Limit - Level VII (100/200) - 2025/08/09 18:53:53 BRT [2025/08/09 17:53:53 ET]
Table '3916201937 13' 7-max Seat #7 is the button
Seat 1: Gabrielfs13 (4223 in chips, $7.50 bounty) 
Seat 2: jaktavfc (3792 in chips, $7.50 bounty) 
Seat 3: YAKA HULA (5585 in chips, $7.50 bounty) 
Seat 4: glnas (3018 in chips, $7.50 bounty) 
Seat 5: Gregzmoney (9604 in chips, $7.50 bounty) 
Seat 6: bertola12 (3888 in chips, $7.50 bounty) 
Seat 7: Borgesxx (3848 in chips, $7.50 bounty) 
Gabrielfs13: posts the ante 50
jaktavfc: posts the ante 50
YAKA HULA: posts the ante 50
glnas: posts the ante 50
Gregzmoney: posts the ante 50
bertola12: posts the ante 50
Borgesxx: posts the ante 50
Gabrielfs13: posts small blind 100
jaktavfc: posts big blind 200
*** HOLE CARDS ***
Dealt to Gabrielfs13 [Jh 3c]
YAKA HULA: folds 
glnas: folds 
Gregzmoney: folds 
bertola12: raises 200 to 400
Borgesxx: raises 3398 to 3798 and is all-in
Gabrielfs13: folds 
jaktavfc: folds 
bertola12: calls 3398
*** FLOP *** [Th Qs 6d]
*** TURN *** [Th Qs 6d] [9d]
*** RIVER *** [Th Qs 6d 9d] [5s]
*** SHOW DOWN ***
bertola12: shows [8d 8h] (a pair of Eights)
Borgesxx: shows [5h 5c] (three of a kind, Fives)
Borgesxx collected 8246 from pot
*** SUMMARY ***
Total pot 8246 | Rake 0 
Board [Th Qs 6d 9d 5s]
Seat 1: Gabrielfs13 (small blind) folded before Flop
Seat 2: jaktavfc (big blind) folded before Flop
Seat 3: YAKA HULA folded before Flop (didn't bet)
Seat 4: glnas folded before Flop (didn't bet)
Seat 5: Gregzmoney folded before Flop (didn't bet)
Seat 6: bertola12 showed [8d 8h] and lost with a pair of Eights
Seat 7: Borgesxx (button) showed [5h 5c] and won (8246) with three of a kind, Fives



PokerStars Hand #257280312232: Tournament #3916201937, $8.00+$7.50+$1.00 USD Hold'em No Limit - Level VII (100/200) - 2025/08/09 18:54:38 BRT [2025/08/09 17:54:38 ET]
Table '3916201937 13' 7-max Seat #1 is the button
Seat 1: Gabrielfs13 (4073 in chips, $7.50 bounty) 
Seat 2: jaktavfc (3542 in chips, $7.50 bounty) 
Seat 3: YAKA HULA (5535 in chips, $7.50 bounty) 
Seat 4: glnas (2968 in chips, $7.50 bounty) 
Seat 5: Gregzmoney (9554 in chips, $7.50 bounty) 
Seat 6: bertola12 (40 in chips, $7.50 bounty) 
Seat 7: Borgesxx (8246 in chips, $7.50 bounty) 
Gabrielfs13: posts the ante 50
jaktavfc: posts the ante 50
YAKA HULA: posts the ante 50
glnas: posts the ante 50
Gregzmoney: posts the ante 50
bertola12: posts the ante 40 and is all-in
Borgesxx: posts the ante 50
jaktavfc: posts small blind 100
YAKA HULA: posts big blind 200
*** HOLE CARDS ***
Dealt to Gabrielfs13 [3d 7c]
glnas: folds 
Gregzmoney: folds 
Borgesxx: raises 200 to 400
Gabrielfs13: folds 
jaktavfc: folds 
YAKA HULA: calls 200
*** FLOP *** [6s 4h Jd]
YAKA HULA: checks 
Borgesxx: bets 409
YAKA HULA: calls 409
*** TURN *** [6s 4h Jd] [8c]
YAKA HULA: checks 
Borgesxx: checks 
*** RIVER *** [6s 4h Jd 8c] [7h]
YAKA HULA: bets 1111
Borgesxx: calls 1111
*** SHOW DOWN ***
YAKA HULA: shows [5c 4d] (a straight, Four to Eight)
Borgesxx: mucks hand 
YAKA HULA collected 4000 from side pot
bertola12: mucks hand 
YAKA HULA collected 280 from main pot
YAKA HULA wins $3.75 for eliminating bertola12 and their own bounty increases by $3.75 to $11.25
bertola12 finished the tournament
*** SUMMARY ***
Total pot 4280 Main pot 280. Side pot 4000. | Rake 0 
Board [6s 4h Jd 8c 7h]
Seat 1: Gabrielfs13 (button) folded before Flop (didn't bet)
Seat 2: jaktavfc (small blind) folded before Flop
Seat 3: YAKA HULA (big blind) showed [5c 4d] and won (4280) with a straight, Four to Eight
Seat 4: glnas folded before Flop (didn't bet)
Seat 5: Gregzmoney folded before Flop (didn't bet)
Seat 6: bertola12 mucked [Jc As]
Seat 7: Borgesxx mucked [Ac 7s]



PokerStars Hand #257280373833: Tournament #3916201937, $8.00+$7.50+$1.00 USD Hold'em No Limit - Level VII (100/200) - 2025/08/09 19:01:08 BRT [2025/08/09 18:01:08 ET]
Table '3916201937 13' 7-max Seat #2 is the button
Seat 1: Gabrielfs13 (4023 in chips, $7.50 bounty) 
Seat 2: jaktavfc (3392 in chips, $7.50 bounty) 
Seat 3: YAKA HULA (7845 in chips, $11.25 bounty) 
Seat 4: MaXXiM (5000 in chips, $7.50 bounty) 
Seat 5: Gregzmoney (9504 in chips, $7.50 bounty) 
Seat 6: foofiter840 (5000 in chips, $7.50 bounty) 
Seat 7: Borgesxx (6276 in chips, $7.50 bounty) 
Gabrielfs13: posts the ante 50
jaktavfc: posts the ante 50
YAKA HULA: posts the ante 50
MaXXiM: posts the ante 50
Gregzmoney: posts the ante 50
foofiter840: posts the ante 50
Borgesxx: posts the ante 50
YAKA HULA: posts small blind 100
MaXXiM: posts big blind 200
*** HOLE CARDS ***
Dealt to Gabrielfs13 [As Td]
Gregzmoney: folds 
foofiter840: raises 254 to 454
Borgesxx: folds 
Gabrielfs13: folds 
jaktavfc: folds 
YAKA HULA: raises 546 to 1000
MaXXiM: raises 3950 to 4950 and is all-in
foofiter840: calls 4496 and is all-in
YAKA HULA: calls 3950
*** FLOP *** [6d Jc Tc]
*** TURN *** [6d Jc Tc] [9d]
*** RIVER *** [6d Jc Tc 9d] [9s]
*** SHOW DOWN ***
YAKA HULA: shows [Qh Ah] (a pair of Nines)
MaXXiM: shows [Ks Kc] (two pair, Kings and Nines)
foofiter840: shows [7d 5d] (a pair of Nines)
MaXXiM collected 15200 from pot
MaXXiM wins $3.75 for eliminating foofiter840 and their own bounty increases by $3.75 to $11.25
foofiter840 finished the tournament
*** SUMMARY ***
Total pot 15200 | Rake 0 
Board [6d Jc Tc 9d 9s]
Seat 1: Gabrielfs13 folded before Flop (didn't bet)
Seat 2: jaktavfc (button) folded before Flop (didn't bet)
Seat 3: YAKA HULA (small blind) showed [Qh Ah] and lost with a pair of Nines
Seat 4: MaXXiM (big blind) showed [Ks Kc] and won (15200) with two pair, Kings and Nines
Seat 5: Gregzmoney folded before Flop (didn't bet)
Seat 6: foofiter840 showed [7d 5d] and lost with a pair of Nines
Seat 7: Borgesxx folded before Flop (didn't bet)



PokerStars Hand #257280387535: Tournament #3916201937, $8.00+$7.50+$1.00 USD Hold'em No Limit - Level VIII (125/250) - 2025/08/09 19:02:15 BRT [2025/08/09 18:02:15 ET]
Table '3916201937 13' 7-max Seat #3 is the button
Seat 1: Gabrielfs13 (3973 in chips, $7.50 bounty) 
Seat 2: jaktavfc (3342 in chips, $7.50 bounty) 
Seat 3: YAKA HULA (2845 in chips, $11.25 bounty) 
Seat 4: MaXXiM (15200 in chips, $11.25 bounty) 
Seat 5: Gregzmoney (9454 in chips, $7.50 bounty) 
Seat 7: Borgesxx (6226 in chips, $7.50 bounty) 
Gabrielfs13: posts the ante 60
jaktavfc: posts the ante 60
YAKA HULA: posts the ante 60
MaXXiM: posts the ante 60
Gregzmoney: posts the ante 60
Borgesxx: posts the ante 60
MaXXiM: posts small blind 125
Gregzmoney: posts big blind 250
*** HOLE CARDS ***
Dealt to Gabrielfs13 [9d Qc]
Borgesxx: folds 
Gabrielfs13: raises 250 to 500
jaktavfc: folds 
YAKA HULA: raises 2285 to 2785 and is all-in
MaXXiM: folds 
Gregzmoney: folds 
AndreiGroupStar is disconnected 
Gabrielfs13: folds 
Uncalled bet (2285) returned to YAKA HULA
YAKA HULA collected 1735 from pot
YAKA HULA: doesn't show hand 
*** SUMMARY ***
Total pot 1735 | Rake 0 
Seat 1: Gabrielfs13 folded before Flop
Seat 2: jaktavfc folded before Flop (didn't bet)
Seat 3: YAKA HULA (button) collected (1735)
Seat 4: MaXXiM (small blind) folded before Flop
Seat 5: Gregzmoney (big blind) folded before Flop
Seat 7: Borgesxx folded before Flop (didn't bet)



PokerStars Hand #257280394867: Tournament #3916201937, $8.00+$7.50+$1.00 USD Hold'em No Limit - Level VIII (125/250) - 2025/08/09 19:02:51 BRT [2025/08/09 18:02:51 ET]
Table '3916201937 13' 7-max Seat #4 is the button
Seat 1: Gabrielfs13 (3413 in chips, $7.50 bounty) 
Seat 2: jaktavfc (3282 in chips, $7.50 bounty) 
Seat 3: YAKA HULA (4020 in chips, $11.25 bounty) 
Seat 4: MaXXiM (15015 in chips, $11.25 bounty) 
Seat 5: Gregzmoney (9144 in chips, $7.50 bounty) 
Seat 6: AndreiGroupStar (5000 in chips, $7.50 bounty) 
Seat 7: Borgesxx (6166 in chips, $7.50 bounty) 
Gabrielfs13: posts the ante 60
jaktavfc: posts the ante 60
YAKA HULA: posts the ante 60
MaXXiM: posts the ante 60
Gregzmoney: posts the ante 60
AndreiGroupStar: posts the ante 60
Borgesxx: posts the ante 60
Gregzmoney: posts small blind 125
AndreiGroupStar: posts big blind 250
*** HOLE CARDS ***
Dealt to Gabrielfs13 [6c 8s]
Borgesxx: raises 250 to 500
Gabrielfs13: folds 
jaktavfc: raises 2722 to 3222 and is all-in
YAKA HULA: folds 
MaXXiM: folds 
Gregzmoney: folds 
AndreiGroupStar: folds 
Borgesxx: calls 2722
*** FLOP *** [9s Jd 3d]
*** TURN *** [9s Jd 3d] [Qs]
*** RIVER *** [9s Jd 3d Qs] [Ac]
*** SHOW DOWN ***
Borgesxx: shows [Js Kd] (a pair of Jacks)
jaktavfc: shows [5h Ad] (a pair of Aces)
jaktavfc collected 7239 from pot
*** SUMMARY ***
Total pot 7239 | Rake 0 
Board [9s Jd 3d Qs Ac]
Seat 1: Gabrielfs13 folded before Flop (didn't bet)
Seat 2: jaktavfc showed [5h Ad] and won (7239) with a pair of Aces
Seat 3: YAKA HULA folded before Flop (didn't bet)
Seat 4: MaXXiM (button) folded before Flop (didn't bet)
Seat 5: Gregzmoney (small blind) folded before Flop
Seat 6: AndreiGroupStar (big blind) folded before Flop
Seat 7: Borgesxx showed [Js Kd] and lost with a pair of Jacks



PokerStars Hand #257280401238: Tournament #3916201937, $8.00+$7.50+$1.00 USD Hold'em No Limit - Level VIII (125/250) - 2025/08/09 19:03:21 BRT [2025/08/09 18:03:21 ET]
Table '3916201937 13' 7-max Seat #5 is the button
Seat 1: Gabrielfs13 (3353 in chips, $7.50 bounty) 
Seat 2: jaktavfc (7239 in chips, $7.50 bounty) 
Seat 3: YAKA HULA (3960 in chips, $11.25 bounty) 
Seat 4: MaXXiM (14955 in chips, $11.25 bounty) 
Seat 5: Gregzmoney (8959 in chips, $7.50 bounty) 
Seat 6: AndreiGroupStar (4690 in chips, $7.50 bounty) 
Seat 7: Borgesxx (2884 in chips, $7.50 bounty) 
Gabrielfs13: posts the ante 60
jaktavfc: posts the ante 60
YAKA HULA: posts the ante 60
MaXXiM: posts the ante 60
Gregzmoney: posts the ante 60
AndreiGroupStar: posts the ante 60
Borgesxx: posts the ante 60
AndreiGroupStar: posts small blind 125
Borgesxx: posts big blind 250
*** HOLE CARDS ***
Dealt to Gabrielfs13 [Tc 2c]
Gabrielfs13: folds 
jaktavfc: folds 
YAKA HULA: raises 3650 to 3900 and is all-in
MaXXiM: folds 
Gregzmoney: folds 
AndreiGroupStar: folds 
Borgesxx: folds 
Uncalled bet (3650) returned to YAKA HULA
YAKA HULA collected 1045 from pot
YAKA HULA: doesn't show hand 
*** SUMMARY ***
Total pot 1045 | Rake 0 
Seat 1: Gabrielfs13 folded before Flop (didn't bet)
Seat 2: jaktavfc folded before Flop (didn't bet)
Seat 3: YAKA HULA collected (1045)
Seat 4: MaXXiM folded before Flop (didn't bet)
Seat 5: Gregzmoney (button) folded before Flop (didn't bet)
Seat 6: AndreiGroupStar (small blind) folded before Flop
Seat 7: Borgesxx (big blind) folded before Flop



PokerStars Hand #257280408355: Tournament #3916201937, $8.00+$7.50+$1.00 USD Hold'em No Limit - Level VIII (125/250) - 2025/08/09 19:03:55 BRT [2025/08/09 18:03:55 ET]
Table '3916201937 13' 7-max Seat #6 is the button
Seat 1: Gabrielfs13 (3293 in chips, $7.50 bounty) 
Seat 2: jaktavfc (7179 in chips, $7.50 bounty) 
Seat 3: YAKA HULA (4695 in chips, $11.25 bounty) 
Seat 4: MaXXiM (14895 in chips, $11.25 bounty) 
Seat 5: Gregzmoney (8899 in chips, $7.50 bounty) 
Seat 6: AndreiGroupStar (4505 in chips, $7.50 bounty) 
Seat 7: Borgesxx (2574 in chips, $7.50 bounty) 
Gabrielfs13: posts the ante 60
jaktavfc: posts the ante 60
YAKA HULA: posts the ante 60
MaXXiM: posts the ante 60
Gregzmoney: posts the ante 60
AndreiGroupStar: posts the ante 60
Borgesxx: posts the ante 60
Borgesxx: posts small blind 125
Gabrielfs13: posts big blind 250
*** HOLE CARDS ***
Dealt to Gabrielfs13 [7s 3c]
jaktavfc: folds 
YAKA HULA: raises 250 to 500
MaXXiM: folds 
Gregzmoney: folds 
AndreiGroupStar: folds 
Borgesxx: folds 
Gabrielfs13: folds 
Uncalled bet (250) returned to YAKA HULA
YAKA HULA collected 1045 from pot
YAKA HULA: doesn't show hand 
*** SUMMARY ***
Total pot 1045 | Rake 0 
Seat 1: Gabrielfs13 (big blind) folded before Flop
Seat 2: jaktavfc folded before Flop (didn't bet)
Seat 3: YAKA HULA collected (1045)
Seat 4: MaXXiM folded before Flop (didn't bet)
Seat 5: Gregzmoney folded before Flop (didn't bet)
Seat 6: AndreiGroupStar (button) folded before Flop (didn't bet)
Seat 7: Borgesxx (small blind) folded before Flop



PokerStars Hand #257280414727: Tournament #3916201937, $8.00+$7.50+$1.00 USD Hold'em No Limit - Level VIII (125/250) - 2025/08/09 19:04:25 BRT [2025/08/09 18:04:25 ET]
Table '3916201937 13' 7-max Seat #7 is the button
Seat 1: Gabrielfs13 (2983 in chips, $7.50 bounty) 
Seat 2: jaktavfc (7119 in chips, $7.50 bounty) 
Seat 3: YAKA HULA (5430 in chips, $11.25 bounty) 
Seat 4: MaXXiM (14835 in chips, $11.25 bounty) 
Seat 5: Gregzmoney (8839 in chips, $7.50 bounty) 
Seat 6: AndreiGroupStar (4445 in chips, $7.50 bounty) 
Seat 7: Borgesxx (2389 in chips, $7.50 bounty) 
Gabrielfs13: posts the ante 60
jaktavfc: posts the ante 60
YAKA HULA: posts the ante 60
MaXXiM: posts the ante 60
Gregzmoney: posts the ante 60
AndreiGroupStar: posts the ante 60
Borgesxx: posts the ante 60
Gabrielfs13: posts small blind 125
jaktavfc: posts big blind 250
*** HOLE CARDS ***
Dealt to Gabrielfs13 [9s Qh]
YAKA HULA: raises 250 to 500
MaXXiM: folds 
Gregzmoney: folds 
AndreiGroupStar: calls 500
Borgesxx: folds 
Gabrielfs13: folds 
jaktavfc: calls 250
*** FLOP *** [Ah Jh 7s]
jaktavfc: checks 
YAKA HULA: checks 
AndreiGroupStar: bets 750
jaktavfc: folds 
YAKA HULA: calls 750
*** TURN *** [Ah Jh 7s] [Th]
YAKA HULA: checks 
AndreiGroupStar: bets 3135 and is all-in
YAKA HULA: folds 
Uncalled bet (3135) returned to AndreiGroupStar
AndreiGroupStar collected 3545 from pot
AndreiGroupStar: doesn't show hand 
*** SUMMARY ***
Total pot 3545 | Rake 0 
Board [Ah Jh 7s Th]
Seat 1: Gabrielfs13 (small blind) folded before Flop
Seat 2: jaktavfc (big blind) folded on the Flop
Seat 3: YAKA HULA folded on the Turn
Seat 4: MaXXiM folded before Flop (didn't bet)
Seat 5: Gregzmoney folded before Flop (didn't bet)
Seat 6: AndreiGroupStar collected (3545)
Seat 7: Borgesxx (button) folded before Flop (didn't bet)



PokerStars Hand #257280429849: Tournament #3916201937, $8.00+$7.50+$1.00 USD Hold'em No Limit - Level IX (150/300) - 2025/08/09 19:05:36 BRT [2025/08/09 18:05:36 ET]
Table '3916201937 13' 7-max Seat #1 is the button
Seat 1: Gabrielfs13 (2798 in chips, $7.50 bounty) 
Seat 2: jaktavfc (6559 in chips, $7.50 bounty) 
Seat 3: YAKA HULA (4120 in chips, $11.25 bounty) 
Seat 4: MaXXiM (14775 in chips, $11.25 bounty) 
Seat 5: Gregzmoney (8779 in chips, $7.50 bounty) 
Seat 6: AndreiGroupStar (6680 in chips, $7.50 bounty) 
Seat 7: Borgesxx (2329 in chips, $7.50 bounty) 
Gabrielfs13: posts the ante 75
jaktavfc: posts the ante 75
YAKA HULA: posts the ante 75
MaXXiM: posts the ante 75
Gregzmoney: posts the ante 75
AndreiGroupStar: posts the ante 75
Borgesxx: posts the ante 75
jaktavfc: posts small blind 150
YAKA HULA: posts big blind 300
*** HOLE CARDS ***
Dealt to Gabrielfs13 [7d Qc]
MaXXiM: raises 300 to 600
Gregzmoney: folds 
AndreiGroupStar: calls 600
Borgesxx: folds 
Gabrielfs13: folds 
jaktavfc: folds 
YAKA HULA: calls 300
*** FLOP *** [Js 4c Tc]
YAKA HULA: bets 3445 and is all-in
MaXXiM: folds 
AndreiGroupStar: calls 3445
*** TURN *** [Js 4c Tc] [Qh]
*** RIVER *** [Js 4c Tc Qh] [8h]
*** SHOW DOWN ***
YAKA HULA: shows [Jd 6c] (a pair of Jacks)
AndreiGroupStar: shows [8c 9c] (a straight, Eight to Queen)
AndreiGroupStar collected 9365 from pot
AndreiGroupStar wins $5.63 for eliminating YAKA HULA and their own bounty increases by $5.62 to $13.12
YAKA HULA finished the tournament
*** SUMMARY ***
Total pot 9365 | Rake 0 
Board [Js 4c Tc Qh 8h]
Seat 1: Gabrielfs13 (button) folded before Flop (didn't bet)
Seat 2: jaktavfc (small blind) folded before Flop
Seat 3: YAKA HULA (big blind) showed [Jd 6c] and lost with a pair of Jacks
Seat 4: MaXXiM folded on the Flop
Seat 5: Gregzmoney folded before Flop (didn't bet)
Seat 6: AndreiGroupStar showed [8c 9c] and won (9365) with a straight, Eight to Queen
Seat 7: Borgesxx folded before Flop (didn't bet)



PokerStars Hand #257280444531: Tournament #3916201937, $8.00+$7.50+$1.00 USD Hold'em No Limit - Level IX (150/300) - 2025/08/09 19:06:45 BRT [2025/08/09 18:06:45 ET]
Table '3916201937 13' 7-max Seat #2 is the button
Seat 1: Gabrielfs13 (2723 in chips, $7.50 bounty) 
Seat 2: jaktavfc (6334 in chips, $7.50 bounty) 
Seat 4: MaXXiM (14100 in chips, $11.25 bounty) 
Seat 5: Gregzmoney (8704 in chips, $7.50 bounty) 
Seat 6: AndreiGroupStar (11925 in chips, $13.12 bounty) 
Seat 7: Borgesxx (2254 in chips, $7.50 bounty) 
Gabrielfs13: posts the ante 75
jaktavfc: posts the ante 75
MaXXiM: posts the ante 75
Gregzmoney: posts the ante 75
AndreiGroupStar: posts the ante 75
Borgesxx: posts the ante 75
MaXXiM: posts small blind 150
Gregzmoney: posts big blind 300
*** HOLE CARDS ***
Dealt to Gabrielfs13 [2h 9d]
AndreiGroupStar: raises 600 to 900
Borgesxx: raises 1279 to 2179 and is all-in
Malandron_22 is disconnected 
Gabrielfs13 has timed out
Gabrielfs13: folds 
Gabrielfs13 is sitting out
Gabrielfs13 has returned
jaktavfc: folds 
MaXXiM: folds 
Gregzmoney: raises 6450 to 8629 and is all-in
AndreiGroupStar: folds 
Uncalled bet (6450) returned to Gregzmoney
*** FLOP *** [Js Qs 7h]
*** TURN *** [Js Qs 7h] [6s]
*** RIVER *** [Js Qs 7h 6s] [Ks]
*** SHOW DOWN ***
Gregzmoney: shows [As 6h] (a flush, Ace high)
Borgesxx: shows [Ah Th] (a straight, Ten to Ace)
Gregzmoney collected 5858 from pot
Gregzmoney wins $3.75 for eliminating Borgesxx and their own bounty increases by $3.75 to $11.25
Borgesxx finished the tournament in 233rd place
*** SUMMARY ***
Total pot 5858 | Rake 0 
Board [Js Qs 7h 6s Ks]
Seat 1: Gabrielfs13 folded before Flop (didn't bet)
Seat 2: jaktavfc (button) folded before Flop (didn't bet)
Seat 4: MaXXiM (small blind) folded before Flop
Seat 5: Gregzmoney (big blind) showed [As 6h] and won (5858) with a flush, Ace high
Seat 6: AndreiGroupStar folded before Flop
Seat 7: Borgesxx showed [Ah Th] and lost with a straight, Ten to Ace



PokerStars Hand #257280458896: Tournament #3916201937, $8.00+$7.50+$1.00 USD Hold'em No Limit - Level IX (150/300) - 2025/08/09 19:07:53 BRT [2025/08/09 18:07:53 ET]
Table '3916201937 13' 7-max Seat #4 is the button
Seat 1: Gabrielfs13 (2648 in chips, $7.50 bounty) 
Seat 2: jaktavfc (6259 in chips, $7.50 bounty) 
Seat 3: Malandron_22 (3805 in chips, $7.50 bounty) 
Seat 4: MaXXiM (13875 in chips, $11.25 bounty) 
Seat 5: Gregzmoney (12308 in chips, $11.25 bounty) 
Seat 6: AndreiGroupStar (10950 in chips, $13.12 bounty) 
Gabrielfs13: posts the ante 75
jaktavfc: posts the ante 75
Malandron_22: posts the ante 75
MaXXiM: posts the ante 75
Gregzmoney: posts the ante 75
AndreiGroupStar: posts the ante 75
Gregzmoney: posts small blind 150
AndreiGroupStar: posts big blind 300
*** HOLE CARDS ***
Dealt to Gabrielfs13 [6h Jc]
HoyniXD is disconnected 
Gabrielfs13: folds 
jaktavfc: folds 
Malandron_22: folds 
MaXXiM: folds 
Gregzmoney: raises 900 to 1200
AndreiGroupStar: raises 9675 to 10875 and is all-in
jaktavfc is disconnected 
Gregzmoney: folds 
Uncalled bet (9675) returned to AndreiGroupStar
AndreiGroupStar collected 2850 from pot
AndreiGroupStar: doesn't show hand 
jaktavfc is disconnected 
*** SUMMARY ***
Total pot 2850 | Rake 0 
Seat 1: Gabrielfs13 folded before Flop (didn't bet)
Seat 2: jaktavfc folded before Flop (didn't bet)
Seat 3: Malandron_22 folded before Flop (didn't bet)
Seat 4: MaXXiM (button) folded before Flop (didn't bet)
Seat 5: Gregzmoney (small blind) folded before Flop
Seat 6: AndreiGroupStar (big blind) collected (2850)



PokerStars Hand #257280475916: Tournament #3916201937, $8.00+$7.50+$1.00 USD Hold'em No Limit - Level X (200/400) - 2025/08/09 19:09:13 BRT [2025/08/09 18:09:13 ET]
Table '3916201937 13' 7-max Seat #5 is the button
Seat 1: Gabrielfs13 (2573 in chips, $7.50 bounty) 
Seat 2: jaktavfc (6184 in chips, $7.50 bounty) 
Seat 3: Malandron_22 (3730 in chips, $7.50 bounty) 
Seat 4: MaXXiM (13800 in chips, $11.25 bounty) 
Seat 5: Gregzmoney (11033 in chips, $11.25 bounty) 
Seat 6: AndreiGroupStar (12525 in chips, $13.12 bounty) 
Seat 7: HoyniXD (6983 in chips, $11.25 bounty) 
Gabrielfs13: posts the ante 100
jaktavfc: posts the ante 100
Malandron_22: posts the ante 100
MaXXiM: posts the ante 100
Gregzmoney: posts the ante 100
AndreiGroupStar: posts the ante 100
HoyniXD: posts the ante 100
AndreiGroupStar: posts small blind 200
HoyniXD: posts big blind 400
*** HOLE CARDS ***
Dealt to Gabrielfs13 [Th 5s]
Gabrielfs13: folds 
jaktavfc: raises 400 to 800
Malandron_22: folds 
MaXXiM: folds 
Gregzmoney: raises 2000 to 2800
AndreiGroupStar: folds 
HoyniXD: folds 
jaktavfc: raises 3284 to 6084 and is all-in
Gregzmoney: calls 3284
*** FLOP *** [Kc 8c 4h]
*** TURN *** [Kc 8c 4h] [7s]
*** RIVER *** [Kc 8c 4h 7s] [3c]
*** SHOW DOWN ***
jaktavfc: shows [As Ac] (a pair of Aces)
Gregzmoney: shows [Kd Jd] (a pair of Kings)
jaktavfc collected 13468 from pot
*** SUMMARY ***
Total pot 13468 | Rake 0 
Board [Kc 8c 4h 7s 3c]
Seat 1: Gabrielfs13 folded before Flop (didn't bet)
Seat 2: jaktavfc showed [As Ac] and won (13468) with a pair of Aces
Seat 3: Malandron_22 folded before Flop (didn't bet)
Seat 4: MaXXiM folded before Flop (didn't bet)
Seat 5: Gregzmoney (button) showed [Kd Jd] and lost with a pair of Kings
Seat 6: AndreiGroupStar (small blind) folded before Flop
Seat 7: HoyniXD (big blind) folded before Flop



PokerStars Hand #257280482546: Tournament #3916201937, $8.00+$7.50+$1.00 USD Hold'em No Limit - Level X (200/400) - 2025/08/09 19:09:44 BRT [2025/08/09 18:09:44 ET]
Table '3916201937 13' 7-max Seat #6 is the button
Seat 1: Gabrielfs13 (2473 in chips, $7.50 bounty) 
Seat 2: jaktavfc (13468 in chips, $7.50 bounty) 
Seat 3: Malandron_22 (3630 in chips, $7.50 bounty) 
Seat 4: MaXXiM (13700 in chips, $11.25 bounty) 
Seat 5: Gregzmoney (4849 in chips, $11.25 bounty) 
Seat 6: AndreiGroupStar (12225 in chips, $13.12 bounty) 
Seat 7: HoyniXD (6483 in chips, $11.25 bounty) 
Gabrielfs13: posts the ante 100
jaktavfc: posts the ante 100
Malandron_22: posts the ante 100
MaXXiM: posts the ante 100
Gregzmoney: posts the ante 100
AndreiGroupStar: posts the ante 100
HoyniXD: posts the ante 100
HoyniXD: posts small blind 200
Gabrielfs13: posts big blind 400
*** HOLE CARDS ***
Dealt to Gabrielfs13 [5d 2c]
jaktavfc: folds 
Malandron_22: folds 
MaXXiM: folds 
Gregzmoney: raises 4349 to 4749 and is all-in
AndreiGroupStar: folds 
HoyniXD: folds 
Gabrielfs13: folds 
Uncalled bet (4349) returned to Gregzmoney
Gregzmoney collected 1700 from pot
Gregzmoney: doesn't show hand 
*** SUMMARY ***
Total pot 1700 | Rake 0 
Seat 1: Gabrielfs13 (big blind) folded before Flop
Seat 2: jaktavfc folded before Flop (didn't bet)
Seat 3: Malandron_22 folded before Flop (didn't bet)
Seat 4: MaXXiM folded before Flop (didn't bet)
Seat 5: Gregzmoney collected (1700)
Seat 6: AndreiGroupStar (button) folded before Flop (didn't bet)
Seat 7: HoyniXD (small blind) folded before Flop



PokerStars Hand #257280487459: Tournament #3916201937, $8.00+$7.50+$1.00 USD Hold'em No Limit - Level X (200/400) - 2025/08/09 19:10:07 BRT [2025/08/09 18:10:07 ET]
Table '3916201937 13' 7-max Seat #7 is the button
Seat 1: Gabrielfs13 (1973 in chips, $7.50 bounty) 
Seat 2: jaktavfc (13368 in chips, $7.50 bounty) 
Seat 3: Malandron_22 (3530 in chips, $7.50 bounty) 
Seat 4: MaXXiM (13600 in chips, $11.25 bounty) 
Seat 5: Gregzmoney (6049 in chips, $11.25 bounty) 
Seat 6: AndreiGroupStar (12125 in chips, $13.12 bounty) 
Seat 7: HoyniXD (6183 in chips, $11.25 bounty) 
Gabrielfs13: posts the ante 100
jaktavfc: posts the ante 100
Malandron_22: posts the ante 100
MaXXiM: posts the ante 100
Gregzmoney: posts the ante 100
AndreiGroupStar: posts the ante 100
HoyniXD: posts the ante 100
Gabrielfs13: posts small blind 200
jaktavfc: posts big blind 400
*** HOLE CARDS ***
Dealt to Gabrielfs13 [6d Jd]
Malandron_22: folds 
MaXXiM: folds 
Gregzmoney: folds 
AndreiGroupStar: raises 1700 to 2100
HoyniXD: folds 
Gabrielfs13: folds 
jaktavfc: calls 1700
*** FLOP *** [6s 7h 2d]
jaktavfc: checks 
AndreiGroupStar: checks 
*** TURN *** [6s 7h 2d] [Kc]
jaktavfc: checks 
AndreiGroupStar: checks 
*** RIVER *** [6s 7h 2d Kc] [Th]
jaktavfc: checks 
AndreiGroupStar: checks 
*** SHOW DOWN ***
jaktavfc: shows [As Qd] (high card Ace)
AndreiGroupStar: mucks hand 
jaktavfc collected 5100 from pot
*** SUMMARY ***
Total pot 5100 | Rake 0 
Board [6s 7h 2d Kc Th]
Seat 1: Gabrielfs13 (small blind) folded before Flop
Seat 2: jaktavfc (big blind) showed [As Qd] and won (5100) with high card Ace
Seat 3: Malandron_22 folded before Flop (didn't bet)
Seat 4: MaXXiM folded before Flop (didn't bet)
Seat 5: Gregzmoney folded before Flop (didn't bet)
Seat 6: AndreiGroupStar mucked [3h Ac]
Seat 7: HoyniXD (button) folded before Flop (didn't bet)



PokerStars Hand #257280499475: Tournament #3916201937, $8.00+$7.50+$1.00 USD Hold'em No Limit - Level X (200/400) - 2025/08/09 19:11:04 BRT [2025/08/09 18:11:04 ET]
Table '3916201937 13' 7-max Seat #1 is the button
Seat 1: Gabrielfs13 (1673 in chips, $7.50 bounty) 
Seat 2: jaktavfc (16268 in chips, $7.50 bounty) 
Seat 3: Malandron_22 (3430 in chips, $7.50 bounty) 
Seat 4: MaXXiM (13500 in chips, $11.25 bounty) 
Seat 5: Gregzmoney (5949 in chips, $11.25 bounty) 
Seat 6: AndreiGroupStar (9925 in chips, $13.12 bounty) 
Seat 7: HoyniXD (6083 in chips, $11.25 bounty) 
Gabrielfs13: posts the ante 100
jaktavfc: posts the ante 100
Malandron_22: posts the ante 100
MaXXiM: posts the ante 100
Gregzmoney: posts the ante 100
AndreiGroupStar: posts the ante 100
HoyniXD: posts the ante 100
jaktavfc: posts small blind 200
Malandron_22: posts big blind 400
*** HOLE CARDS ***
Dealt to Gabrielfs13 [5s 8d]
MaXXiM: raises 400 to 800
Gregzmoney: folds 
AndreiGroupStar: folds 
HoyniXD: raises 5183 to 5983 and is all-in
Gabrielfs13: folds 
jaktavfc: folds 
Malandron_22: folds 
MaXXiM: calls 5183
*** FLOP *** [Kc 9s 4d]
*** TURN *** [Kc 9s 4d] [5d]
*** RIVER *** [Kc 9s 4d 5d] [7d]
*** SHOW DOWN ***
MaXXiM: shows [Qh Qs] (a pair of Queens)
HoyniXD: shows [As Qc] (high card Ace)
MaXXiM collected 13266 from pot
MaXXiM wins $5.63 for eliminating HoyniXD and their own bounty increases by $5.62 to $16.87
HoyniXD finished the tournament in 173rd place
*** SUMMARY ***
Total pot 13266 | Rake 0 
Board [Kc 9s 4d 5d 7d]
Seat 1: Gabrielfs13 (button) folded before Flop (didn't bet)
Seat 2: jaktavfc (small blind) folded before Flop
Seat 3: Malandron_22 (big blind) folded before Flop
Seat 4: MaXXiM showed [Qh Qs] and won (13266) with a pair of Queens
Seat 5: Gregzmoney folded before Flop (didn't bet)
Seat 6: AndreiGroupStar folded before Flop (didn't bet)
Seat 7: HoyniXD showed [As Qc] and lost with high card Ace



PokerStars Hand #257280509266: Tournament #3916201937, $8.00+$7.50+$1.00 USD Hold'em No Limit - Level XI (250/500) - 2025/08/09 19:11:51 BRT [2025/08/09 18:11:51 ET]
Table '3916201937 13' 7-max Seat #2 is the button
Seat 1: Gabrielfs13 (1573 in chips, $7.50 bounty) 
Seat 2: jaktavfc (15968 in chips, $7.50 bounty) 
Seat 3: Malandron_22 (2930 in chips, $7.50 bounty) 
Seat 4: MaXXiM (20683 in chips, $16.87 bounty) 
Seat 5: Gregzmoney (5849 in chips, $11.25 bounty) 
Seat 6: AndreiGroupStar (9825 in chips, $13.12 bounty) 
Gabrielfs13: posts the ante 125
jaktavfc: posts the ante 125
Malandron_22: posts the ante 125
MaXXiM: posts the ante 125
Gregzmoney: posts the ante 125
AndreiGroupStar: posts the ante 125
Malandron_22: posts small blind 250
MaXXiM: posts big blind 500
*** HOLE CARDS ***
Dealt to Gabrielfs13 [7c 8h]
Gregzmoney: raises 1000 to 1500
AndreiGroupStar: calls 1500
Gabrielfs13: folds 
jaktavfc: folds 
Malandron_22: folds 
MaXXiM: calls 1000
*** FLOP *** [2h 9d Qs]
MaXXiM: checks 
Gregzmoney: checks 
AndreiGroupStar: bets 2000
MaXXiM: folds 
Gregzmoney: folds 
Uncalled bet (2000) returned to AndreiGroupStar
AndreiGroupStar collected 5500 from pot
AndreiGroupStar: doesn't show hand 
*** SUMMARY ***
Total pot 5500 | Rake 0 
Board [2h 9d Qs]
Seat 1: Gabrielfs13 folded before Flop (didn't bet)
Seat 2: jaktavfc (button) folded before Flop (didn't bet)
Seat 3: Malandron_22 (small blind) folded before Flop
Seat 4: MaXXiM (big blind) folded on the Flop
Seat 5: Gregzmoney folded on the Flop
Seat 6: AndreiGroupStar collected (5500)



PokerStars Hand #257280518392: Tournament #3916201937, $8.00+$7.50+$1.00 USD Hold'em No Limit - Level XI (250/500) - 2025/08/09 19:12:34 BRT [2025/08/09 18:12:34 ET]
Table '3916201937 13' 7-max Seat #3 is the button
Seat 1: Gabrielfs13 (1448 in chips, $7.50 bounty) 
Seat 2: jaktavfc (15843 in chips, $7.50 bounty) 
Seat 3: Malandron_22 (2555 in chips, $7.50 bounty) 
Seat 4: MaXXiM (19058 in chips, $16.87 bounty) 
Seat 5: Gregzmoney (4224 in chips, $11.25 bounty) 
Seat 6: AndreiGroupStar (13700 in chips, $13.12 bounty) 
Seat 7: TheCookie83 (12245 in chips, $11.25 bounty) 
Gabrielfs13: posts the ante 125
jaktavfc: posts the ante 125
Malandron_22: posts the ante 125
MaXXiM: posts the ante 125
Gregzmoney: posts the ante 125
AndreiGroupStar: posts the ante 125
TheCookie83: posts the ante 125
MaXXiM: posts small blind 250
Gregzmoney: posts big blind 500
*** HOLE CARDS ***
Dealt to Gabrielfs13 [Ac 5c]
AndreiGroupStar: folds 
TheCookie83: raises 600 to 1100
Gabrielfs13: raises 223 to 1323 and is all-in
jaktavfc: folds 
Malandron_22: calls 1323
MaXXiM: calls 1073
Gregzmoney: folds 
TheCookie83: calls 223
*** FLOP *** [Td 8s 7h]
MaXXiM: checks 
TheCookie83: bets 3334
Malandron_22: calls 1107 and is all-in
MaXXiM: raises 14276 to 17610 and is all-in
TheCookie83: calls 7463 and is all-in
Uncalled bet (6813) returned to MaXXiM
*** TURN *** [Td 8s 7h] [8d]
*** RIVER *** [Td 8s 7h 8d] [3h]
*** SHOW DOWN ***
MaXXiM: shows [Kc 7d] (two pair, Eights and Sevens)
TheCookie83: shows [Ah 8h] (three of a kind, Eights)
TheCookie83 collected 19380 from side pot-2 
Malandron_22: shows [Jh Tc] (two pair, Tens and Eights)
TheCookie83 collected 3321 from side pot-1 
Gabrielfs13: shows [Ac 5c] (a pair of Eights)
TheCookie83 collected 6667 from main pot
TheCookie83 wins $3.75 for eliminating Gabrielfs13 and their own bounty increases by $3.75 to $15
TheCookie83 wins $3.75 for eliminating Malandron_22 and their own bounty increases by $3.75 to $18.75
Malandron_22 finished the tournament in 152nd place
Gabrielfs13 finished the tournament in 153rd place
*** SUMMARY ***
Total pot 29368 Main pot 6667. Side pot-1 3321. Side pot-2 19380. | Rake 0 
Board [Td 8s 7h 8d 3h]
Seat 1: Gabrielfs13 showed [Ac 5c] and lost with a pair of Eights
Seat 2: jaktavfc folded before Flop (didn't bet)
Seat 3: Malandron_22 (button) showed [Jh Tc] and lost with two pair, Tens and Eights
Seat 4: MaXXiM (small blind) showed [Kc 7d] and lost with two pair, Eights and Sevens
Seat 5: Gregzmoney (big blind) folded before Flop
Seat 6: AndreiGroupStar folded before Flop (didn't bet)
Seat 7: TheCookie83 showed [Ah 8h] and won (29368) with three of a kind, Eights



