PokerStars Hand #257380206908: Tournament #3918744105, $2.40+$2.50+$0.60 USD Hold'em No Limit - Level I (30/60) - 2025/08/17 15:39:18 BRT [2025/08/17 14:39:18 ET]
Table '3918744105 100' 8-max Seat #8 is the button
Seat 1: rafarecife96 (11576 in chips, $2.50 bounty) 
Seat 2: Gabrielfs13 (10000 in chips, $2.50 bounty) 
Seat 3: diyami22 (8824 in chips, $2.50 bounty) 
Seat 4: cemise (9984 in chips, $2.50 bounty) 
Seat 5: dudao2007 (10659 in chips, $2.50 bounty) 
Seat 6: imbuocci (10146 in chips, $2.50 bounty) 
Seat 7: marck1son (10008 in chips, $2.50 bounty) 
Seat 8: Befree_B3 (9870 in chips, $2.50 bounty) 
rafarecife96: posts the ante 8
Gabrielfs13: posts the ante 8
diyami22: posts the ante 8
cemise: posts the ante 8
dudao2007: posts the ante 8
imbuocci: posts the ante 8
marck1son: posts the ante 8
Befree_B3: posts the ante 8
rafarecife96: posts small blind 30
Gabrielfs13: posts big blind 60
*** HOLE CARDS ***
Dealt to Gabrielfs13 [Js 7h]
Gabrielfs13 is disconnected 
diyami22: folds 
cemise: folds 
dudao2007: folds 
imbuocci: raises 72 to 132
marck1son: folds 
Befree_B3: raises 348 to 480
rafarecife96: folds 
Gabrielfs13: folds 
imbuocci: calls 348
*** FLOP *** [Ad Td 6c]
imbuocci: checks 
Befree_B3: bets 368
imbuocci: folds 
Uncalled bet (368) returned to Befree_B3
Befree_B3 collected 1114 from pot
*** SUMMARY ***
Total pot 1114 | Rake 0 
Board [Ad Td 6c]
Seat 1: rafarecife96 (small blind) folded before Flop
Seat 2: Gabrielfs13 (big blind) folded before Flop
Seat 3: diyami22 folded before Flop (didn't bet)
Seat 4: cemise folded before Flop (didn't bet)
Seat 5: dudao2007 folded before Flop (didn't bet)
Seat 6: imbuocci folded on the Flop
Seat 7: marck1son folded before Flop (didn't bet)
Seat 8: Befree_B3 (button) collected (1114)



PokerStars Hand #257380226255: Tournament #3918744105, $2.40+$2.50+$0.60 USD Hold'em No Limit - Level I (30/60) - 2025/08/17 15:40:28 BRT [2025/08/17 14:40:28 ET]
Table '3918744105 100' 8-max Seat #1 is the button
Seat 1: rafarecife96 (11538 in chips, $2.50 bounty) 
Seat 2: Gabrielfs13 (9932 in chips, $2.50 bounty) 
Seat 3: diyami22 (8816 in chips, $2.50 bounty) 
Seat 4: cemise (9976 in chips, $2.50 bounty) 
Seat 5: dudao2007 (10651 in chips, $2.50 bounty) 
Seat 6: imbuocci (9658 in chips, $2.50 bounty) 
Seat 7: marck1son (10000 in chips, $2.50 bounty) 
Seat 8: Befree_B3 (10496 in chips, $2.50 bounty) 
rafarecife96: posts the ante 8
Gabrielfs13: posts the ante 8
diyami22: posts the ante 8
cemise: posts the ante 8
dudao2007: posts the ante 8
imbuocci: posts the ante 8
marck1son: posts the ante 8
Befree_B3: posts the ante 8
Gabrielfs13: posts small blind 30
diyami22: posts big blind 60
*** HOLE CARDS ***
Dealt to Gabrielfs13 [Qs Kh]
cemise: folds 
dudao2007: raises 120 to 180
imbuocci: folds 
marck1son: folds 
Befree_B3: folds 
rafarecife96: folds 
Gabrielfs13: calls 150
diyami22: folds 
*** FLOP *** [3d Jh 6h]
Gabrielfs13: checks 
dudao2007: checks 
*** TURN *** [3d Jh 6h] [Ts]
Gabrielfs13: bets 160
dudao2007: folds 
Uncalled bet (160) returned to Gabrielfs13
Gabrielfs13 collected 484 from pot
Gabrielfs13: doesn't show hand 
*** SUMMARY ***
Total pot 484 | Rake 0 
Board [3d Jh 6h Ts]
Seat 1: rafarecife96 (button) folded before Flop (didn't bet)
Seat 2: Gabrielfs13 (small blind) collected (484)
Seat 3: diyami22 (big blind) folded before Flop
Seat 4: cemise folded before Flop (didn't bet)
Seat 5: dudao2007 folded on the Turn
Seat 6: imbuocci folded before Flop (didn't bet)
Seat 7: marck1son folded before Flop (didn't bet)
Seat 8: Befree_B3 folded before Flop (didn't bet)



PokerStars Hand #257380240967: Tournament #3918744105, $2.40+$2.50+$0.60 USD Hold'em No Limit - Level I (30/60) - 2025/08/17 15:41:20 BRT [2025/08/17 14:41:20 ET]
Table '3918744105 100' 8-max Seat #2 is the button
Seat 1: rafarecife96 (11530 in chips, $2.50 bounty) 
Seat 2: Gabrielfs13 (10228 in chips, $2.50 bounty) 
Seat 3: diyami22 (8748 in chips, $2.50 bounty) 
Seat 4: cemise (9968 in chips, $2.50 bounty) 
Seat 5: dudao2007 (10463 in chips, $2.50 bounty) 
Seat 6: imbuocci (9650 in chips, $2.50 bounty) 
Seat 7: marck1son (9992 in chips, $2.50 bounty) 
Seat 8: Befree_B3 (10488 in chips, $2.50 bounty) 
rafarecife96: posts the ante 8
Gabrielfs13: posts the ante 8
diyami22: posts the ante 8
cemise: posts the ante 8
dudao2007: posts the ante 8
imbuocci: posts the ante 8
marck1son: posts the ante 8
Befree_B3: posts the ante 8
diyami22: posts small blind 30
cemise: posts big blind 60
*** HOLE CARDS ***
Dealt to Gabrielfs13 [9d 5d]
dudao2007: raises 214 to 274
imbuocci: folds 
marck1son: folds 
Befree_B3: folds 
rafarecife96: folds 
Gabrielfs13: folds 
diyami22: folds 
cemise: folds 
Uncalled bet (214) returned to dudao2007
dudao2007 collected 214 from pot
dudao2007: doesn't show hand 
*** SUMMARY ***
Total pot 214 | Rake 0 
Seat 1: rafarecife96 folded before Flop (didn't bet)
Seat 2: Gabrielfs13 (button) folded before Flop (didn't bet)
Seat 3: diyami22 (small blind) folded before Flop
Seat 4: cemise (big blind) folded before Flop
Seat 5: dudao2007 collected (214)
Seat 6: imbuocci folded before Flop (didn't bet)
Seat 7: marck1son folded before Flop (didn't bet)
Seat 8: Befree_B3 folded before Flop (didn't bet)



PokerStars Hand #257380255024: Tournament #3918744105, $2.40+$2.50+$0.60 USD Hold'em No Limit - Level I (30/60) - 2025/08/17 15:42:11 BRT [2025/08/17 14:42:11 ET]
Table '3918744105 100' 8-max Seat #3 is the button
Seat 1: rafarecife96 (11522 in chips, $2.50 bounty) 
Seat 2: Gabrielfs13 (10220 in chips, $2.50 bounty) 
Seat 3: diyami22 (8710 in chips, $2.50 bounty) 
Seat 4: cemise (9900 in chips, $2.50 bounty) 
Seat 5: dudao2007 (10609 in chips, $2.50 bounty) 
Seat 6: imbuocci (9642 in chips, $2.50 bounty) 
Seat 7: marck1son (9984 in chips, $2.50 bounty) 
Seat 8: Befree_B3 (10480 in chips, $2.50 bounty) 
rafarecife96: posts the ante 8
Gabrielfs13: posts the ante 8
diyami22: posts the ante 8
cemise: posts the ante 8
dudao2007: posts the ante 8
imbuocci: posts the ante 8
marck1son: posts the ante 8
Befree_B3: posts the ante 8
cemise: posts small blind 30
dudao2007: posts big blind 60
*** HOLE CARDS ***
Dealt to Gabrielfs13 [2c Th]
imbuocci: folds 
marck1son: folds 
Befree_B3: folds 
rafarecife96: folds 
Gabrielfs13: folds 
diyami22: raises 60 to 120
cemise: folds 
dudao2007: folds 
Uncalled bet (60) returned to diyami22
diyami22 collected 214 from pot
diyami22: doesn't show hand 
*** SUMMARY ***
Total pot 214 | Rake 0 
Seat 1: rafarecife96 folded before Flop (didn't bet)
Seat 2: Gabrielfs13 folded before Flop (didn't bet)
Seat 3: diyami22 (button) collected (214)
Seat 4: cemise (small blind) folded before Flop
Seat 5: dudao2007 (big blind) folded before Flop
Seat 6: imbuocci folded before Flop (didn't bet)
Seat 7: marck1son folded before Flop (didn't bet)
Seat 8: Befree_B3 folded before Flop (didn't bet)



PokerStars Hand #257380273622: Tournament #3918744105, $2.40+$2.50+$0.60 USD Hold'em No Limit - Level II (40/80) - 2025/08/17 15:43:18 BRT [2025/08/17 14:43:18 ET]
Table '3918744105 100' 8-max Seat #4 is the button
Seat 1: rafarecife96 (11514 in chips, $2.50 bounty) 
Seat 2: Gabrielfs13 (10212 in chips, $2.50 bounty) 
Seat 3: diyami22 (8856 in chips, $2.50 bounty) 
Seat 4: cemise (9862 in chips, $2.50 bounty) 
Seat 5: dudao2007 (10541 in chips, $2.50 bounty) 
Seat 6: imbuocci (9634 in chips, $2.50 bounty) 
Seat 7: marck1son (9976 in chips, $2.50 bounty) 
Seat 8: Befree_B3 (10472 in chips, $2.50 bounty) 
rafarecife96: posts the ante 10
Gabrielfs13: posts the ante 10
diyami22: posts the ante 10
cemise: posts the ante 10
dudao2007: posts the ante 10
imbuocci: posts the ante 10
marck1son: posts the ante 10
Befree_B3: posts the ante 10
dudao2007: posts small blind 40
imbuocci: posts big blind 80
*** HOLE CARDS ***
Dealt to Gabrielfs13 [Ad Qh]
marck1son: folds 
Befree_B3: folds 
rafarecife96: folds 
Gabrielfs13: raises 80 to 160
diyami22: folds 
cemise: calls 160
dudao2007: calls 120
imbuocci: calls 80
*** FLOP *** [7h Ks 3c]
dudao2007: checks 
imbuocci: checks 
Gabrielfs13: checks 
cemise: checks 
*** TURN *** [7h Ks 3c] [Kd]
dudao2007: bets 720
imbuocci: folds 
Gabrielfs13: folds 
cemise: calls 720
*** RIVER *** [7h Ks 3c Kd] [4d]
dudao2007: bets 1080
cemise: raises 3197 to 4277
dudao2007: calls 3197
*** SHOW DOWN ***
cemise: shows [5d 7d] (two pair, Kings and Sevens)
dudao2007: shows [8d Kh] (three of a kind, Kings)
dudao2007 collected 10714 from pot
*** SUMMARY ***
Total pot 10714 | Rake 0 
Board [7h Ks 3c Kd 4d]
Seat 1: rafarecife96 folded before Flop (didn't bet)
Seat 2: Gabrielfs13 folded on the Turn
Seat 3: diyami22 folded before Flop (didn't bet)
Seat 4: cemise (button) showed [5d 7d] and lost with two pair, Kings and Sevens
Seat 5: dudao2007 (small blind) showed [8d Kh] and won (10714) with three of a kind, Kings
Seat 6: imbuocci (big blind) folded on the Turn
Seat 7: marck1son folded before Flop (didn't bet)
Seat 8: Befree_B3 folded before Flop (didn't bet)



PokerStars Hand #257380327635: Tournament #3918744105, $2.40+$2.50+$0.60 USD Hold'em No Limit - Level II (40/80) - 2025/08/17 15:46:32 BRT [2025/08/17 14:46:32 ET]
Table '3918744105 100' 8-max Seat #5 is the button
Seat 1: rafarecife96 (11504 in chips, $2.50 bounty) 
Seat 2: Gabrielfs13 (10042 in chips, $2.50 bounty) 
Seat 3: diyami22 (8846 in chips, $2.50 bounty) 
Seat 4: cemise (4695 in chips, $2.50 bounty) 
Seat 5: dudao2007 (16088 in chips, $2.50 bounty) 
Seat 6: imbuocci (9464 in chips, $2.50 bounty) 
Seat 7: marck1son (9966 in chips, $2.50 bounty) 
Seat 8: Befree_B3 (10462 in chips, $2.50 bounty) 
rafarecife96: posts the ante 10
Gabrielfs13: posts the ante 10
diyami22: posts the ante 10
cemise: posts the ante 10
dudao2007: posts the ante 10
imbuocci: posts the ante 10
marck1son: posts the ante 10
Befree_B3: posts the ante 10
imbuocci: posts small blind 40
marck1son: posts big blind 80
*** HOLE CARDS ***
Dealt to Gabrielfs13 [3c 5h]
Befree_B3: folds 
rafarecife96: raises 80 to 160
Gabrielfs13: folds 
diyami22: folds 
cemise: folds 
dudao2007: calls 160
imbuocci: folds 
marck1son: calls 80
*** FLOP *** [Ac 8h 3s]
marck1son: checks 
rafarecife96: bets 199
dudao2007: calls 199
marck1son: calls 199
*** TURN *** [Ac 8h 3s] [Ts]
marck1son: checks 
rafarecife96: checks 
dudao2007: checks 
*** RIVER *** [Ac 8h 3s Ts] [5c]
marck1son: checks 
rafarecife96: checks 
dudao2007: checks 
*** SHOW DOWN ***
marck1son: shows [5d 4d] (a pair of Fives)
rafarecife96: shows [Qs Qd] (a pair of Queens)
dudao2007: mucks hand 
rafarecife96 collected 1197 from pot
*** SUMMARY ***
Total pot 1197 | Rake 0 
Board [Ac 8h 3s Ts 5c]
Seat 1: rafarecife96 showed [Qs Qd] and won (1197) with a pair of Queens
Seat 2: Gabrielfs13 folded before Flop (didn't bet)
Seat 3: diyami22 folded before Flop (didn't bet)
Seat 4: cemise folded before Flop (didn't bet)
Seat 5: dudao2007 (button) mucked [Jh Qh]
Seat 6: imbuocci (small blind) folded before Flop
Seat 7: marck1son (big blind) showed [5d 4d] and lost with a pair of Fives
Seat 8: Befree_B3 folded before Flop (didn't bet)



PokerStars Hand #257380357221: Tournament #3918744105, $2.40+$2.50+$0.60 USD Hold'em No Limit - Level II (40/80) - 2025/08/17 15:48:19 BRT [2025/08/17 14:48:19 ET]
Table '3918744105 100' 8-max Seat #6 is the button
Seat 1: rafarecife96 (12332 in chips, $2.50 bounty) 
Seat 2: Gabrielfs13 (10032 in chips, $2.50 bounty) 
Seat 3: diyami22 (8836 in chips, $2.50 bounty) 
Seat 4: cemise (4685 in chips, $2.50 bounty) 
Seat 5: dudao2007 (15719 in chips, $2.50 bounty) 
Seat 6: imbuocci (9414 in chips, $2.50 bounty) 
Seat 7: marck1son (9597 in chips, $2.50 bounty) 
Seat 8: Befree_B3 (10452 in chips, $2.50 bounty) 
rafarecife96: posts the ante 10
Gabrielfs13: posts the ante 10
diyami22: posts the ante 10
cemise: posts the ante 10
dudao2007: posts the ante 10
imbuocci: posts the ante 10
marck1son: posts the ante 10
Befree_B3: posts the ante 10
marck1son: posts small blind 40
Befree_B3: posts big blind 80
*** HOLE CARDS ***
Dealt to Gabrielfs13 [As 8c]
rafarecife96: folds 
Gabrielfs13: folds 
diyami22: folds 
cemise: raises 120 to 200
dudao2007: folds 
imbuocci: folds 
marck1son: folds 
Befree_B3: calls 120
*** FLOP *** [2c 3s 6d]
Befree_B3: checks 
cemise: bets 187
Befree_B3: calls 187
*** TURN *** [2c 3s 6d] [Jd]
Befree_B3: checks 
dudao2007 is sitting out
cemise: checks 
*** RIVER *** [2c 3s 6d Jd] [5h]
Befree_B3: checks 
cemise: bets 288
Befree_B3: folds 
Uncalled bet (288) returned to cemise
cemise collected 894 from pot
cemise: doesn't show hand 
*** SUMMARY ***
Total pot 894 | Rake 0 
Board [2c 3s 6d Jd 5h]
Seat 1: rafarecife96 folded before Flop (didn't bet)
Seat 2: Gabrielfs13 folded before Flop (didn't bet)
Seat 3: diyami22 folded before Flop (didn't bet)
Seat 4: cemise collected (894)
Seat 5: dudao2007 folded before Flop (didn't bet)
Seat 6: imbuocci (button) folded before Flop (didn't bet)
Seat 7: marck1son (small blind) folded before Flop
Seat 8: Befree_B3 (big blind) folded on the River



PokerStars Hand #257380384739: Tournament #3918744105, $2.40+$2.50+$0.60 USD Hold'em No Limit - Level II (40/80) - 2025/08/17 15:49:59 BRT [2025/08/17 14:49:59 ET]
Table '3918744105 100' 8-max Seat #7 is the button
Seat 2: Gabrielfs13 (10022 in chips, $2.50 bounty) 
Seat 3: diyami22 (8826 in chips, $2.50 bounty) 
Seat 4: cemise (5182 in chips, $2.50 bounty) 
Seat 5: dudao2007 (15709 in chips, $2.50 bounty) is sitting out
Seat 6: imbuocci (9404 in chips, $2.50 bounty) 
Seat 7: marck1son (9547 in chips, $2.50 bounty) 
Seat 8: Befree_B3 (10055 in chips, $2.50 bounty) 
Gabrielfs13: posts the ante 10
diyami22: posts the ante 10
cemise: posts the ante 10
dudao2007: posts the ante 10
imbuocci: posts the ante 10
marck1son: posts the ante 10
Befree_B3: posts the ante 10
Befree_B3: posts small blind 40
Gabrielfs13: posts big blind 80
*** HOLE CARDS ***
Dealt to Gabrielfs13 [Ks 7d]
Almeron ITU is disconnected 
diyami22: folds 
cemise: folds 
dudao2007: folds 
imbuocci: folds 
marck1son: folds 
Befree_B3: raises 200 to 280
Gabrielfs13: calls 200
*** FLOP *** [Kd 5h 5d]
Befree_B3: bets 208
Gabrielfs13: raises 392 to 600
Befree_B3: folds 
Uncalled bet (392) returned to Gabrielfs13
Gabrielfs13 collected 1046 from pot
Gabrielfs13: doesn't show hand 
*** SUMMARY ***
Total pot 1046 | Rake 0 
Board [Kd 5h 5d]
Seat 2: Gabrielfs13 (big blind) collected (1046)
Seat 3: diyami22 folded before Flop (didn't bet)
Seat 4: cemise folded before Flop (didn't bet)
Seat 5: dudao2007 folded before Flop (didn't bet)
Seat 6: imbuocci folded before Flop (didn't bet)
Seat 7: marck1son (button) folded before Flop (didn't bet)
Seat 8: Befree_B3 (small blind) folded on the Flop



PokerStars Hand #257380398072: Tournament #3918744105, $2.40+$2.50+$0.60 USD Hold'em No Limit - Level II (40/80) - 2025/08/17 15:50:47 BRT [2025/08/17 14:50:47 ET]
Table '3918744105 100' 8-max Seat #8 is the button
Seat 1: Almeron ITU (10000 in chips) out of hand (moved from another table into small blind)
Seat 2: Gabrielfs13 (10570 in chips, $2.50 bounty) 
Seat 3: diyami22 (8816 in chips, $2.50 bounty) 
Seat 4: cemise (5172 in chips, $2.50 bounty) 
Seat 5: dudao2007 (15699 in chips, $2.50 bounty) is sitting out
Seat 6: imbuocci (9394 in chips, $2.50 bounty) 
Seat 7: marck1son (9537 in chips, $2.50 bounty) 
Seat 8: Befree_B3 (9557 in chips, $2.50 bounty) 
Almeron ITU will be allowed to play after the button
Gabrielfs13: posts the ante 10
diyami22: posts the ante 10
cemise: posts the ante 10
dudao2007: posts the ante 10
imbuocci: posts the ante 10
marck1son: posts the ante 10
Befree_B3: posts the ante 10
Gabrielfs13: posts small blind 40
diyami22: posts big blind 80
*** HOLE CARDS ***
Dealt to Gabrielfs13 [Jh 5d]
cemise: raises 80 to 160
dudao2007: folds 
imbuocci: calls 160
marck1son: folds 
Befree_B3: folds 
Gabrielfs13: folds 
diyami22: folds 
*** FLOP *** [7s Ts 8d]
cemise: checks 
imbuocci: bets 367
cemise: calls 367
*** TURN *** [7s Ts 8d] [2d]
cemise: checks 
imbuocci: bets 613
cemise: calls 613
*** RIVER *** [7s Ts 8d 2d] [Kh]
cemise: checks 
imbuocci: checks 
*** SHOW DOWN ***
cemise: shows [9d 9s] (a pair of Nines)
imbuocci: mucks hand 
cemise collected 2470 from pot
*** SUMMARY ***
Total pot 2470 | Rake 0 
Board [7s Ts 8d 2d Kh]
Seat 2: Gabrielfs13 (small blind) folded before Flop
Seat 3: diyami22 (big blind) folded before Flop
Seat 4: cemise showed [9d 9s] and won (2470) with a pair of Nines
Seat 5: dudao2007 folded before Flop (didn't bet)
Seat 6: imbuocci mucked [8s Ah]
Seat 7: marck1son folded before Flop (didn't bet)
Seat 8: Befree_B3 (button) folded before Flop (didn't bet)



PokerStars Hand #257380430142: Tournament #3918744105, $2.40+$2.50+$0.60 USD Hold'em No Limit - Level III (50/100) - 2025/08/17 15:52:43 BRT [2025/08/17 14:52:43 ET]
Table '3918744105 100' 8-max Seat #2 is the button
Seat 1: Almeron ITU (10000 in chips, $2.50 bounty) 
Seat 2: Gabrielfs13 (10520 in chips, $2.50 bounty) 
Seat 3: diyami22 (8726 in chips, $2.50 bounty) 
Seat 4: cemise (6492 in chips, $2.50 bounty) 
Seat 5: dudao2007 (15689 in chips, $2.50 bounty) is sitting out
Seat 6: imbuocci (8244 in chips, $2.50 bounty) 
Seat 7: marck1son (9527 in chips, $2.50 bounty) 
Seat 8: Befree_B3 (9547 in chips, $2.50 bounty) 
Almeron ITU: posts the ante 12
Gabrielfs13: posts the ante 12
diyami22: posts the ante 12
cemise: posts the ante 12
dudao2007: posts the ante 12
imbuocci: posts the ante 12
marck1son: posts the ante 12
Befree_B3: posts the ante 12
diyami22: posts small blind 50
cemise: posts big blind 100
*** HOLE CARDS ***
Dealt to Gabrielfs13 [Kh 9d]
dudao2007: folds 
imbuocci: raises 120 to 220
marck1son: raises 530 to 750
Befree_B3: folds 
Almeron ITU: folds 
Gabrielfs13: folds 
diyami22: folds 
cemise: folds 
imbuocci: calls 530
*** FLOP *** [Jh 5h 8c]
imbuocci: checks 
marck1son: bets 576
imbuocci: calls 576
*** TURN *** [Jh 5h 8c] [5d]
imbuocci: checks 
marck1son: checks 
*** RIVER *** [Jh 5h 8c 5d] [6s]
imbuocci: bets 2087
marck1son: folds 
Uncalled bet (2087) returned to imbuocci
imbuocci collected 2898 from pot
imbuocci: doesn't show hand 
*** SUMMARY ***
Total pot 2898 | Rake 0 
Board [Jh 5h 8c 5d 6s]
Seat 1: Almeron ITU folded before Flop (didn't bet)
Seat 2: Gabrielfs13 (button) folded before Flop (didn't bet)
Seat 3: diyami22 (small blind) folded before Flop
Seat 4: cemise (big blind) folded before Flop
Seat 5: dudao2007 folded before Flop (didn't bet)
Seat 6: imbuocci collected (2898)
Seat 7: marck1son folded on the River
Seat 8: Befree_B3 folded before Flop (didn't bet)



PokerStars Hand #257380450573: Tournament #3918744105, $2.40+$2.50+$0.60 USD Hold'em No Limit - Level III (50/100) - 2025/08/17 15:53:57 BRT [2025/08/17 14:53:57 ET]
Table '3918744105 100' 8-max Seat #3 is the button
Seat 1: Almeron ITU (9988 in chips, $2.50 bounty) 
Seat 2: Gabrielfs13 (10508 in chips, $2.50 bounty) 
Seat 3: diyami22 (8664 in chips, $2.50 bounty) 
Seat 4: cemise (6380 in chips, $2.50 bounty) 
Seat 5: dudao2007 (15677 in chips, $2.50 bounty) is sitting out
Seat 6: imbuocci (9804 in chips, $2.50 bounty) 
Seat 7: marck1son (8189 in chips, $2.50 bounty) 
Seat 8: Befree_B3 (9535 in chips, $2.50 bounty) 
Almeron ITU: posts the ante 12
Gabrielfs13: posts the ante 12
diyami22: posts the ante 12
cemise: posts the ante 12
dudao2007: posts the ante 12
imbuocci: posts the ante 12
marck1son: posts the ante 12
Befree_B3: posts the ante 12
cemise: posts small blind 50
dudao2007: posts big blind 100
*** HOLE CARDS ***
Dealt to Gabrielfs13 [9c 3c]
imbuocci: folds 
marck1son: folds 
Befree_B3: folds 
Almeron ITU: folds 
Gabrielfs13: folds 
diyami22: raises 100 to 200
cemise: calls 150
dudao2007: folds 
*** FLOP *** [8h Qs Th]
cemise: checks 
diyami22: bets 200
cemise: calls 200
*** TURN *** [8h Qs Th] [Qd]
cemise: checks 
diyami22: bets 498
cemise: folds 
Uncalled bet (498) returned to diyami22
diyami22 collected 996 from pot
diyami22: doesn't show hand 
*** SUMMARY ***
Total pot 996 | Rake 0 
Board [8h Qs Th Qd]
Seat 1: Almeron ITU folded before Flop (didn't bet)
Seat 2: Gabrielfs13 folded before Flop (didn't bet)
Seat 3: diyami22 (button) collected (996)
Seat 4: cemise (small blind) folded on the Turn
Seat 5: dudao2007 (big blind) folded before Flop
Seat 6: imbuocci folded before Flop (didn't bet)
Seat 7: marck1son folded before Flop (didn't bet)
Seat 8: Befree_B3 folded before Flop (didn't bet)



PokerStars Hand #257380550896: Tournament #3918744105, $2.40+$2.50+$0.60 USD Hold'em No Limit - Level III (50/100) - 2025/08/17 16:02:58 BRT [2025/08/17 15:02:58 ET]
Table '3918744105 100' 8-max Seat #4 is the button
Seat 1: Almeron ITU (9976 in chips, $2.50 bounty) 
Seat 2: Gabrielfs13 (10496 in chips, $2.50 bounty) 
Seat 3: diyami22 (9248 in chips, $2.50 bounty) 
Seat 4: cemise (5968 in chips, $2.50 bounty) 
Seat 5: dudao2007 (15565 in chips, $2.50 bounty) 
Seat 6: imbuocci (9792 in chips, $2.50 bounty) 
Seat 7: marck1son (8177 in chips, $2.50 bounty) 
Seat 8: Befree_B3 (9523 in chips, $2.50 bounty) 
Almeron ITU: posts the ante 12
Gabrielfs13: posts the ante 12
diyami22: posts the ante 12
cemise: posts the ante 12
dudao2007: posts the ante 12
imbuocci: posts the ante 12
marck1son: posts the ante 12
Befree_B3: posts the ante 12
dudao2007: posts small blind 50
imbuocci: posts big blind 100
*** HOLE CARDS ***
Dealt to Gabrielfs13 [4c Kd]
marck1son: folds 
Befree_B3: folds 
Almeron ITU: folds 
Gabrielfs13: folds 
diyami22: raises 100 to 200
cemise: calls 200
dudao2007: folds 
imbuocci: calls 100
*** FLOP *** [3h 5c 6c]
imbuocci: checks 
diyami22: checks 
cemise: bets 269
imbuocci: folds 
diyami22: calls 269
*** TURN *** [3h 5c 6c] [Ad]
diyami22: checks 
cemise: bets 300
diyami22: calls 300
*** RIVER *** [3h 5c 6c Ad] [Qh]
diyami22: checks 
cemise: bets 650
diyami22: calls 650
*** SHOW DOWN ***
cemise: shows [Ks Kc] (a pair of Kings)
diyami22: shows [4h Ac] (a pair of Aces)
diyami22 collected 3184 from pot
*** SUMMARY ***
Total pot 3184 | Rake 0 
Board [3h 5c 6c Ad Qh]
Seat 1: Almeron ITU folded before Flop (didn't bet)
Seat 2: Gabrielfs13 folded before Flop (didn't bet)
Seat 3: diyami22 showed [4h Ac] and won (3184) with a pair of Aces
Seat 4: cemise (button) showed [Ks Kc] and lost with a pair of Kings
Seat 5: dudao2007 (small blind) folded before Flop
Seat 6: imbuocci (big blind) folded on the Flop
Seat 7: marck1son folded before Flop (didn't bet)
Seat 8: Befree_B3 folded before Flop (didn't bet)



PokerStars Hand #257380586787: Tournament #3918744105, $2.40+$2.50+$0.60 USD Hold'em No Limit - Level III (50/100) - 2025/08/17 16:05:08 BRT [2025/08/17 15:05:08 ET]
Table '3918744105 100' 8-max Seat #5 is the button
Seat 1: Almeron ITU (9964 in chips, $2.50 bounty) 
Seat 2: Gabrielfs13 (10484 in chips, $2.50 bounty) 
Seat 3: diyami22 (11001 in chips, $2.50 bounty) 
Seat 4: cemise (4537 in chips, $2.50 bounty) 
Seat 5: dudao2007 (15503 in chips, $2.50 bounty) 
Seat 6: imbuocci (9580 in chips, $2.50 bounty) 
Seat 7: marck1son (8165 in chips, $2.50 bounty) 
Seat 8: Befree_B3 (9511 in chips, $2.50 bounty) 
Almeron ITU: posts the ante 12
Gabrielfs13: posts the ante 12
diyami22: posts the ante 12
cemise: posts the ante 12
dudao2007: posts the ante 12
imbuocci: posts the ante 12
marck1son: posts the ante 12
Befree_B3: posts the ante 12
imbuocci: posts small blind 50
marck1son: posts big blind 100
*** HOLE CARDS ***
Dealt to Gabrielfs13 [8c 3h]
Befree_B3: folds 
Almeron ITU: folds 
Gabrielfs13: folds 
diyami22: folds 
cemise: raises 150 to 250
dudao2007: folds 
imbuocci: calls 200
marck1son: folds 
*** FLOP *** [Ts 7d 3c]
imbuocci: checks 
cemise: bets 150
imbuocci: calls 150
*** TURN *** [Ts 7d 3c] [9s]
imbuocci: checks 
cemise: bets 359
imbuocci: calls 359
*** RIVER *** [Ts 7d 3c 9s] [5c]
imbuocci: checks 
cemise: bets 750
imbuocci: calls 750
*** SHOW DOWN ***
cemise: shows [Kh Kd] (a pair of Kings)
imbuocci: mucks hand 
cemise collected 3214 from pot
*** SUMMARY ***
Total pot 3214 | Rake 0 
Board [Ts 7d 3c 9s 5c]
Seat 1: Almeron ITU folded before Flop (didn't bet)
Seat 2: Gabrielfs13 folded before Flop (didn't bet)
Seat 3: diyami22 folded before Flop (didn't bet)
Seat 4: cemise showed [Kh Kd] and won (3214) with a pair of Kings
Seat 5: dudao2007 (button) folded before Flop (didn't bet)
Seat 6: imbuocci (small blind) mucked [Ad 7s]
Seat 7: marck1son (big blind) folded before Flop
Seat 8: Befree_B3 folded before Flop (didn't bet)



PokerStars Hand #257380624423: Tournament #3918744105, $2.40+$2.50+$0.60 USD Hold'em No Limit - Level IV (60/120) - 2025/08/17 16:07:21 BRT [2025/08/17 15:07:21 ET]
Table '3918744105 100' 8-max Seat #6 is the button
Seat 1: Almeron ITU (9952 in chips, $2.50 bounty) 
Seat 2: Gabrielfs13 (10472 in chips, $2.50 bounty) 
Seat 3: diyami22 (10989 in chips, $2.50 bounty) 
Seat 4: cemise (6230 in chips, $2.50 bounty) 
Seat 5: dudao2007 (15491 in chips, $2.50 bounty) 
Seat 6: imbuocci (8059 in chips, $2.50 bounty) 
Seat 7: marck1son (8053 in chips, $2.50 bounty) 
Seat 8: Befree_B3 (9499 in chips, $2.50 bounty) 
Almeron ITU: posts the ante 15
Gabrielfs13: posts the ante 15
diyami22: posts the ante 15
cemise: posts the ante 15
dudao2007: posts the ante 15
imbuocci: posts the ante 15
marck1son: posts the ante 15
Befree_B3: posts the ante 15
marck1son: posts small blind 60
Befree_B3: posts big blind 120
*** HOLE CARDS ***
Dealt to Gabrielfs13 [Kh 6s]
Almeron ITU: folds 
Gabrielfs13: folds 
diyami22: folds 
cemise: folds 
dudao2007 has timed out
dudao2007: folds 
dudao2007 is sitting out
imbuocci: raises 144 to 264
marck1son: folds 
Befree_B3: raises 696 to 960
imbuocci: calls 696
*** FLOP *** [8d 9c 2s]
Befree_B3: bets 693
dudao2007 has returned
imbuocci: calls 693
*** TURN *** [8d 9c 2s] [8s]
Befree_B3: bets 1743
imbuocci: raises 4648 to 6391 and is all-in
Befree_B3: folds [As]
Uncalled bet (4648) returned to imbuocci
imbuocci collected 6972 from pot
imbuocci: doesn't show hand 
*** SUMMARY ***
Total pot 6972 | Rake 0 
Board [8d 9c 2s 8s]
Seat 1: Almeron ITU folded before Flop (didn't bet)
Seat 2: Gabrielfs13 folded before Flop (didn't bet)
Seat 3: diyami22 folded before Flop (didn't bet)
Seat 4: cemise folded before Flop (didn't bet)
Seat 5: dudao2007 folded before Flop (didn't bet)
Seat 6: imbuocci (button) collected (6972)
Seat 7: marck1son (small blind) folded before Flop
Seat 8: Befree_B3 (big blind) folded on the Turn



PokerStars Hand #257380656504: Tournament #3918744105, $2.40+$2.50+$0.60 USD Hold'em No Limit - Level IV (60/120) - 2025/08/17 16:09:13 BRT [2025/08/17 15:09:13 ET]
Table '3918744105 100' 8-max Seat #7 is the button
Seat 1: Almeron ITU (9937 in chips, $2.50 bounty) 
Seat 2: Gabrielfs13 (10457 in chips, $2.50 bounty) 
Seat 3: diyami22 (10974 in chips, $2.50 bounty) 
Seat 4: cemise (6215 in chips, $2.50 bounty) 
Seat 5: dudao2007 (15476 in chips, $2.50 bounty) 
Seat 6: imbuocci (11620 in chips, $2.50 bounty) 
Seat 7: marck1son (7978 in chips, $2.50 bounty) 
Seat 8: Befree_B3 (6088 in chips, $2.50 bounty) 
Almeron ITU: posts the ante 15
Gabrielfs13: posts the ante 15
diyami22: posts the ante 15
cemise: posts the ante 15
dudao2007: posts the ante 15
imbuocci: posts the ante 15
marck1son: posts the ante 15
Befree_B3: posts the ante 15
Befree_B3: posts small blind 60
Almeron ITU: posts big blind 120
*** HOLE CARDS ***
Dealt to Gabrielfs13 [Qs 6c]
Gabrielfs13: folds 
diyami22: raises 120 to 240
cemise: calls 240
dudao2007: calls 240
imbuocci: calls 240
marck1son: folds 
Befree_B3: folds 
Almeron ITU: folds 
*** FLOP *** [Ks 4h 2d]
diyami22: bets 420
cemise has timed out
cemise: folds 
cemise is sitting out
dudao2007: folds 
cemise has returned
imbuocci: folds 
Uncalled bet (420) returned to diyami22
diyami22 collected 1260 from pot
diyami22: doesn't show hand 
*** SUMMARY ***
Total pot 1260 | Rake 0 
Board [Ks 4h 2d]
Seat 1: Almeron ITU (big blind) folded before Flop
Seat 2: Gabrielfs13 folded before Flop (didn't bet)
Seat 3: diyami22 collected (1260)
Seat 4: cemise folded on the Flop
Seat 5: dudao2007 folded on the Flop
Seat 6: imbuocci folded on the Flop
Seat 7: marck1son (button) folded before Flop (didn't bet)
Seat 8: Befree_B3 (small blind) folded before Flop



PokerStars Hand #257380682698: Tournament #3918744105, $2.40+$2.50+$0.60 USD Hold'em No Limit - Level IV (60/120) - 2025/08/17 16:10:44 BRT [2025/08/17 15:10:44 ET]
Table '3918744105 100' 8-max Seat #8 is the button
Seat 1: Almeron ITU (9802 in chips, $2.50 bounty) 
Seat 2: Gabrielfs13 (10442 in chips, $2.50 bounty) 
Seat 3: diyami22 (11979 in chips, $2.50 bounty) 
Seat 4: cemise (5960 in chips, $2.50 bounty) 
Seat 5: dudao2007 (15221 in chips, $2.50 bounty) 
Seat 6: imbuocci (11365 in chips, $2.50 bounty) 
Seat 7: marck1son (7963 in chips, $2.50 bounty) 
Seat 8: Befree_B3 (6013 in chips, $2.50 bounty) 
Almeron ITU: posts the ante 15
Gabrielfs13: posts the ante 15
diyami22: posts the ante 15
cemise: posts the ante 15
dudao2007: posts the ante 15
imbuocci: posts the ante 15
marck1son: posts the ante 15
Befree_B3: posts the ante 15
Almeron ITU: posts small blind 60
Gabrielfs13: posts big blind 120
*** HOLE CARDS ***
Dealt to Gabrielfs13 [Kd 6d]
diyami22: raises 120 to 240
cemise: folds 
dudao2007: folds 
imbuocci: calls 240
marck1son: folds 
Befree_B3: folds 
Almeron ITU: folds 
Gabrielfs13: calls 120
*** FLOP *** [7h As 2h]
Gabrielfs13: checks 
diyami22: checks 
imbuocci: bets 528
Gabrielfs13: folds 
diyami22: folds 
Uncalled bet (528) returned to imbuocci
imbuocci collected 900 from pot
imbuocci: doesn't show hand 
*** SUMMARY ***
Total pot 900 | Rake 0 
Board [7h As 2h]
Seat 1: Almeron ITU (small blind) folded before Flop
Seat 2: Gabrielfs13 (big blind) folded on the Flop
Seat 3: diyami22 folded on the Flop
Seat 4: cemise folded before Flop (didn't bet)
Seat 5: dudao2007 folded before Flop (didn't bet)
Seat 6: imbuocci collected (900)
Seat 7: marck1son folded before Flop (didn't bet)
Seat 8: Befree_B3 (button) folded before Flop (didn't bet)



PokerStars Hand #257380700554: Tournament #3918744105, $2.40+$2.50+$0.60 USD Hold'em No Limit - Level IV (60/120) - 2025/08/17 16:11:46 BRT [2025/08/17 15:11:46 ET]
Table '3918744105 100' 8-max Seat #1 is the button
Seat 1: Almeron ITU (9727 in chips, $2.50 bounty) 
Seat 2: Gabrielfs13 (10187 in chips, $2.50 bounty) 
Seat 3: diyami22 (11724 in chips, $2.50 bounty) 
Seat 4: cemise (5945 in chips, $2.50 bounty) 
Seat 5: dudao2007 (15206 in chips, $2.50 bounty) 
Seat 6: imbuocci (12010 in chips, $2.50 bounty) 
Seat 7: marck1son (7948 in chips, $2.50 bounty) 
Seat 8: Befree_B3 (5998 in chips, $2.50 bounty) 
Almeron ITU: posts the ante 15
Gabrielfs13: posts the ante 15
diyami22: posts the ante 15
cemise: posts the ante 15
dudao2007: posts the ante 15
imbuocci: posts the ante 15
marck1son: posts the ante 15
Befree_B3: posts the ante 15
Gabrielfs13: posts small blind 60
diyami22: posts big blind 120
*** HOLE CARDS ***
Dealt to Gabrielfs13 [7c 2h]
cemise: folds 
dudao2007: folds 
imbuocci: raises 144 to 264
marck1son: folds 
Befree_B3: folds 
Almeron ITU: calls 264
Gabrielfs13: folds 
diyami22: calls 144
*** FLOP *** [3s Kd 2d]
diyami22: checks 
imbuocci: checks 
Almeron ITU: checks 
*** TURN *** [3s Kd 2d] [Tc]
diyami22: checks 
imbuocci: bets 700
Almeron ITU: folds 
diyami22: folds 
Uncalled bet (700) returned to imbuocci
imbuocci collected 972 from pot
imbuocci: doesn't show hand 
*** SUMMARY ***
Total pot 972 | Rake 0 
Board [3s Kd 2d Tc]
Seat 1: Almeron ITU (button) folded on the Turn
Seat 2: Gabrielfs13 (small blind) folded before Flop
Seat 3: diyami22 (big blind) folded on the Turn
Seat 4: cemise folded before Flop (didn't bet)
Seat 5: dudao2007 folded before Flop (didn't bet)
Seat 6: imbuocci collected (972)
Seat 7: marck1son folded before Flop (didn't bet)
Seat 8: Befree_B3 folded before Flop (didn't bet)



PokerStars Hand #257380722085: Tournament #3918744105, $2.40+$2.50+$0.60 USD Hold'em No Limit - Level IV (60/120) - 2025/08/17 16:13:00 BRT [2025/08/17 15:13:00 ET]
Table '3918744105 100' 8-max Seat #2 is the button
Seat 1: Almeron ITU (9448 in chips, $2.50 bounty) 
Seat 2: Gabrielfs13 (10112 in chips, $2.50 bounty) 
Seat 3: diyami22 (11445 in chips, $2.50 bounty) 
Seat 4: cemise (5930 in chips, $2.50 bounty) 
Seat 5: dudao2007 (15191 in chips, $2.50 bounty) 
Seat 6: imbuocci (12703 in chips, $2.50 bounty) 
Seat 7: marck1son (7933 in chips, $2.50 bounty) 
Seat 8: Befree_B3 (5983 in chips, $2.50 bounty) 
Almeron ITU: posts the ante 15
Gabrielfs13: posts the ante 15
diyami22: posts the ante 15
cemise: posts the ante 15
dudao2007: posts the ante 15
imbuocci: posts the ante 15
marck1son: posts the ante 15
Befree_B3: posts the ante 15
diyami22: posts small blind 60
cemise: posts big blind 120
*** HOLE CARDS ***
Dealt to Gabrielfs13 [4h Kc]
dudao2007 has timed out
dudao2007: folds 
dudao2007 is sitting out
imbuocci: raises 144 to 264
marck1son: raises 576 to 840
Befree_B3: calls 840
Almeron ITU: folds 
Gabrielfs13: folds 
diyami22: folds 
cemise: folds 
imbuocci: calls 576
*** FLOP *** [3c 8d 6h]
imbuocci: checks 
dudao2007 has returned
marck1son: bets 705
Befree_B3: calls 705
imbuocci: calls 705
*** TURN *** [3c 8d 6h] [Qh]
imbuocci: checks 
marck1son: checks 
Befree_B3: bets 3701
imbuocci: folds 
marck1son: folds 
Uncalled bet (3701) returned to Befree_B3
Befree_B3 collected 4935 from pot
*** SUMMARY ***
Total pot 4935 | Rake 0 
Board [3c 8d 6h Qh]
Seat 1: Almeron ITU folded before Flop (didn't bet)
Seat 2: Gabrielfs13 (button) folded before Flop (didn't bet)
Seat 3: diyami22 (small blind) folded before Flop
Seat 4: cemise (big blind) folded before Flop
Seat 5: dudao2007 folded before Flop (didn't bet)
Seat 6: imbuocci folded on the Turn
Seat 7: marck1son folded on the Turn
Seat 8: Befree_B3 collected (4935)



PokerStars Hand #257380756018: Tournament #3918744105, $2.40+$2.50+$0.60 USD Hold'em No Limit - Level V (80/160) - 2025/08/17 16:14:58 BRT [2025/08/17 15:14:58 ET]
Table '3918744105 100' 8-max Seat #3 is the button
Seat 1: Almeron ITU (9433 in chips, $2.50 bounty) 
Seat 2: Gabrielfs13 (10097 in chips, $2.50 bounty) 
Seat 3: diyami22 (11370 in chips, $2.50 bounty) 
Seat 4: cemise (5795 in chips, $2.50 bounty) 
Seat 5: dudao2007 (15176 in chips, $2.50 bounty) 
Seat 6: imbuocci (11143 in chips, $2.50 bounty) 
Seat 7: marck1son (6373 in chips, $2.50 bounty) 
Seat 8: Befree_B3 (9358 in chips, $2.50 bounty) 
Almeron ITU: posts the ante 20
Gabrielfs13: posts the ante 20
diyami22: posts the ante 20
cemise: posts the ante 20
dudao2007: posts the ante 20
imbuocci: posts the ante 20
marck1son: posts the ante 20
Befree_B3: posts the ante 20
cemise: posts small blind 80
dudao2007: posts big blind 160
*** HOLE CARDS ***
Dealt to Gabrielfs13 [5c Jd]
imbuocci: raises 192 to 352
marck1son: folds 
Befree_B3: folds 
Almeron ITU: folds 
Gabrielfs13: folds 
diyami22: folds 
cemise: folds 
dudao2007: folds 
Uncalled bet (192) returned to imbuocci
imbuocci collected 560 from pot
imbuocci: doesn't show hand 
*** SUMMARY ***
Total pot 560 | Rake 0 
Seat 1: Almeron ITU folded before Flop (didn't bet)
Seat 2: Gabrielfs13 folded before Flop (didn't bet)
Seat 3: diyami22 (button) folded before Flop (didn't bet)
Seat 4: cemise (small blind) folded before Flop
Seat 5: dudao2007 (big blind) folded before Flop
Seat 6: imbuocci collected (560)
Seat 7: marck1son folded before Flop (didn't bet)
Seat 8: Befree_B3 folded before Flop (didn't bet)



PokerStars Hand #257380768745: Tournament #3918744105, $2.40+$2.50+$0.60 USD Hold'em No Limit - Level V (80/160) - 2025/08/17 16:15:42 BRT [2025/08/17 15:15:42 ET]
Table '3918744105 100' 8-max Seat #4 is the button
Seat 1: Almeron ITU (9413 in chips, $2.50 bounty) 
Seat 2: Gabrielfs13 (10077 in chips, $2.50 bounty) 
Seat 3: diyami22 (11350 in chips, $2.50 bounty) 
Seat 4: cemise (5695 in chips, $2.50 bounty) 
Seat 5: dudao2007 (14996 in chips, $2.50 bounty) 
Seat 6: imbuocci (11523 in chips, $2.50 bounty) 
Seat 7: marck1son (6353 in chips, $2.50 bounty) 
Seat 8: Befree_B3 (9338 in chips, $2.50 bounty) 
Almeron ITU: posts the ante 20
Gabrielfs13: posts the ante 20
diyami22: posts the ante 20
cemise: posts the ante 20
dudao2007: posts the ante 20
imbuocci: posts the ante 20
marck1son: posts the ante 20
Befree_B3: posts the ante 20
dudao2007: posts small blind 80
imbuocci: posts big blind 160
*** HOLE CARDS ***
Dealt to Gabrielfs13 [9c Ah]
marck1son: folds 
Befree_B3: raises 192 to 352
Almeron ITU: folds 
Gabrielfs13: folds 
diyami22: folds 
cemise: calls 352
dudao2007: calls 272
imbuocci: folds 
*** FLOP *** [Kc 2c Jh]
dudao2007: checks 
Befree_B3: bets 688
cemise: calls 688
dudao2007: folds 
*** TURN *** [Kc 2c Jh] [8s]
Befree_B3: bets 1376
cemise: calls 1376
*** RIVER *** [Kc 2c Jh 8s] [6h]
Befree_B3: checks 
cemise: bets 3259 and is all-in
Befree_B3: folds 
Uncalled bet (3259) returned to cemise
cemise collected 5504 from pot
*** SUMMARY ***
Total pot 5504 | Rake 0 
Board [Kc 2c Jh 8s 6h]
Seat 1: Almeron ITU folded before Flop (didn't bet)
Seat 2: Gabrielfs13 folded before Flop (didn't bet)
Seat 3: diyami22 folded before Flop (didn't bet)
Seat 4: cemise (button) collected (5504)
Seat 5: dudao2007 (small blind) folded on the Flop
Seat 6: imbuocci (big blind) folded before Flop
Seat 7: marck1son folded before Flop (didn't bet)
Seat 8: Befree_B3 folded on the River



PokerStars Hand #257380803091: Tournament #3918744105, $2.40+$2.50+$0.60 USD Hold'em No Limit - Level V (80/160) - 2025/08/17 16:17:42 BRT [2025/08/17 15:17:42 ET]
Table '3918744105 100' 8-max Seat #5 is the button
Seat 1: Almeron ITU (9393 in chips, $2.50 bounty) 
Seat 2: Gabrielfs13 (10057 in chips, $2.50 bounty) 
Seat 3: diyami22 (11330 in chips, $2.50 bounty) 
Seat 4: cemise (8763 in chips, $2.50 bounty) 
Seat 5: dudao2007 (14624 in chips, $2.50 bounty) 
Seat 6: imbuocci (11343 in chips, $2.50 bounty) 
Seat 7: marck1son (6333 in chips, $2.50 bounty) 
Seat 8: Befree_B3 (6902 in chips, $2.50 bounty) 
Almeron ITU: posts the ante 20
Gabrielfs13: posts the ante 20
diyami22: posts the ante 20
cemise: posts the ante 20
dudao2007: posts the ante 20
imbuocci: posts the ante 20
marck1son: posts the ante 20
Befree_B3: posts the ante 20
imbuocci: posts small blind 80
marck1son: posts big blind 160
*** HOLE CARDS ***
Dealt to Gabrielfs13 [Tc 9h]
Befree_B3: folds 
Almeron ITU: folds 
Gabrielfs13: folds 
diyami22: raises 160 to 320
cemise: folds 
dudao2007: raises 1040 to 1360
imbuocci: folds 
marck1son: folds 
diyami22: folds 
Uncalled bet (1040) returned to dudao2007
dudao2007 collected 1040 from pot
*** SUMMARY ***
Total pot 1040 | Rake 0 
Seat 1: Almeron ITU folded before Flop (didn't bet)
Seat 2: Gabrielfs13 folded before Flop (didn't bet)
Seat 3: diyami22 folded before Flop
Seat 4: cemise folded before Flop (didn't bet)
Seat 5: dudao2007 (button) collected (1040)
Seat 6: imbuocci (small blind) folded before Flop
Seat 7: marck1son (big blind) folded before Flop
Seat 8: Befree_B3 folded before Flop (didn't bet)



PokerStars Hand #257380821760: Tournament #3918744105, $2.40+$2.50+$0.60 USD Hold'em No Limit - Level V (80/160) - 2025/08/17 16:18:47 BRT [2025/08/17 15:18:47 ET]
Table '3918744105 100' 8-max Seat #6 is the button
Seat 1: Almeron ITU (9373 in chips, $2.50 bounty) 
Seat 2: Gabrielfs13 (10037 in chips, $2.50 bounty) 
Seat 3: diyami22 (10990 in chips, $2.50 bounty) 
Seat 4: cemise (8743 in chips, $2.50 bounty) 
Seat 5: dudao2007 (15324 in chips, $2.50 bounty) 
Seat 6: imbuocci (11243 in chips, $2.50 bounty) 
Seat 7: marck1son (6153 in chips, $2.50 bounty) 
Seat 8: Befree_B3 (6882 in chips, $2.50 bounty) 
Almeron ITU: posts the ante 20
Gabrielfs13: posts the ante 20
diyami22: posts the ante 20
cemise: posts the ante 20
dudao2007: posts the ante 20
imbuocci: posts the ante 20
marck1son: posts the ante 20
Befree_B3: posts the ante 20
marck1son: posts small blind 80
Befree_B3: posts big blind 160
*** HOLE CARDS ***
Dealt to Gabrielfs13 [2h Ac]
Almeron ITU: folds 
Gabrielfs13: folds 
diyami22: raises 160 to 320
cemise: folds 
dudao2007: folds 
imbuocci: folds 
marck1son: calls 240
Befree_B3: calls 160
*** FLOP *** [9s Qs 7h]
marck1son: checks 
Befree_B3: checks 
diyami22: checks 
*** TURN *** [9s Qs 7h] [9c]
marck1son: checks 
Befree_B3: checks 
diyami22: checks 
*** RIVER *** [9s Qs 7h 9c] [6s]
marck1son: checks 
Befree_B3: checks 
diyami22: checks 
*** SHOW DOWN ***
marck1son: shows [8s 8d] (two pair, Nines and Eights)
Befree_B3: mucks hand 
diyami22: mucks hand 
marck1son collected 1120 from pot
*** SUMMARY ***
Total pot 1120 | Rake 0 
Board [9s Qs 7h 9c 6s]
Seat 1: Almeron ITU folded before Flop (didn't bet)
Seat 2: Gabrielfs13 folded before Flop (didn't bet)
Seat 3: diyami22 mucked [5c 5d]
Seat 4: cemise folded before Flop (didn't bet)
Seat 5: dudao2007 folded before Flop (didn't bet)
Seat 6: imbuocci (button) folded before Flop (didn't bet)
Seat 7: marck1son (small blind) showed [8s 8d] and won (1120) with two pair, Nines and Eights
Seat 8: Befree_B3 (big blind) mucked [4d 4c]



PokerStars Hand #257380843145: Tournament #3918744105, $2.40+$2.50+$0.60 USD Hold'em No Limit - Level V (80/160) - 2025/08/17 16:20:02 BRT [2025/08/17 15:20:02 ET]
Table '3918744105 100' 8-max Seat #7 is the button
Seat 2: Gabrielfs13 (10017 in chips, $2.50 bounty) 
Seat 3: diyami22 (10650 in chips, $2.50 bounty) 
Seat 4: cemise (8723 in chips, $2.50 bounty) 
Seat 5: dudao2007 (15304 in chips, $2.50 bounty) 
Seat 6: imbuocci (11223 in chips, $2.50 bounty) 
Seat 7: marck1son (6933 in chips, $2.50 bounty) 
Seat 8: Befree_B3 (6542 in chips, $2.50 bounty) 
Gabrielfs13: posts the ante 20
diyami22: posts the ante 20
cemise: posts the ante 20
dudao2007: posts the ante 20
imbuocci: posts the ante 20
marck1son: posts the ante 20
Befree_B3: posts the ante 20
Befree_B3: posts small blind 80
Gabrielfs13: posts big blind 160
*** HOLE CARDS ***
Dealt to Gabrielfs13 [As 8c]
Davferca is disconnected 
diyami22: folds 
cemise: folds 
dudao2007: raises 320 to 480
imbuocci: calls 480
marck1son: folds 
Befree_B3: folds 
Gabrielfs13: folds 
*** FLOP *** [2c 9h Ts]
dudao2007: bets 670
imbuocci: folds 
Uncalled bet (670) returned to dudao2007
dudao2007 collected 1340 from pot
dudao2007: doesn't show hand 
*** SUMMARY ***
Total pot 1340 | Rake 0 
Board [2c 9h Ts]
Seat 2: Gabrielfs13 (big blind) folded before Flop
Seat 3: diyami22 folded before Flop (didn't bet)
Seat 4: cemise folded before Flop (didn't bet)
Seat 5: dudao2007 collected (1340)
Seat 6: imbuocci folded on the Flop
Seat 7: marck1son (button) folded before Flop (didn't bet)
Seat 8: Befree_B3 (small blind) folded before Flop



PokerStars Hand #257380859935: Tournament #3918744105, $2.40+$2.50+$0.60 USD Hold'em No Limit - Level V (80/160) - 2025/08/17 16:21:00 BRT [2025/08/17 15:21:00 ET]
Table '3918744105 100' 8-max Seat #8 is the button
Seat 1: Davferca (10000 in chips) out of hand (moved from another table into small blind)
Seat 2: Gabrielfs13 (9837 in chips, $2.50 bounty) 
Seat 3: diyami22 (10630 in chips, $2.50 bounty) 
Seat 4: cemise (8703 in chips, $2.50 bounty) 
Seat 5: dudao2007 (16144 in chips, $2.50 bounty) 
Seat 6: imbuocci (10723 in chips, $2.50 bounty) 
Seat 7: marck1son (6913 in chips, $2.50 bounty) 
Seat 8: Befree_B3 (6442 in chips, $2.50 bounty) 
Davferca will be allowed to play after the button
Gabrielfs13: posts the ante 20
diyami22: posts the ante 20
cemise: posts the ante 20
dudao2007: posts the ante 20
imbuocci: posts the ante 20
marck1son: posts the ante 20
Befree_B3: posts the ante 20
Gabrielfs13: posts small blind 80
diyami22: posts big blind 160
*** HOLE CARDS ***
Dealt to Gabrielfs13 [3d 4h]
cemise: folds 
dudao2007: folds 
imbuocci: raises 540 to 700
marck1son: folds 
Befree_B3: folds 
Gabrielfs13: folds 
diyami22: folds 
Uncalled bet (540) returned to imbuocci
imbuocci collected 540 from pot
imbuocci: doesn't show hand 
*** SUMMARY ***
Total pot 540 | Rake 0 
Seat 2: Gabrielfs13 (small blind) folded before Flop
Seat 3: diyami22 (big blind) folded before Flop
Seat 4: cemise folded before Flop (didn't bet)
Seat 5: dudao2007 folded before Flop (didn't bet)
Seat 6: imbuocci collected (540)
Seat 7: marck1son folded before Flop (didn't bet)
Seat 8: Befree_B3 (button) folded before Flop (didn't bet)



PokerStars Hand #257380872787: Tournament #3918744105, $2.40+$2.50+$0.60 USD Hold'em No Limit - Level V (80/160) - 2025/08/17 16:21:45 BRT [2025/08/17 15:21:45 ET]
Table '3918744105 100' 8-max Seat #2 is the button
Seat 1: Davferca (10000 in chips, $2.50 bounty) 
Seat 2: Gabrielfs13 (9737 in chips, $2.50 bounty) 
Seat 3: diyami22 (10450 in chips, $2.50 bounty) 
Seat 4: cemise (8683 in chips, $2.50 bounty) 
Seat 5: dudao2007 (16124 in chips, $2.50 bounty) 
Seat 6: imbuocci (11083 in chips, $2.50 bounty) 
Seat 7: marck1son (6893 in chips, $2.50 bounty) 
Seat 8: Befree_B3 (6422 in chips, $2.50 bounty) 
Davferca: posts the ante 20
Gabrielfs13: posts the ante 20
diyami22: posts the ante 20
cemise: posts the ante 20
dudao2007: posts the ante 20
imbuocci: posts the ante 20
marck1son: posts the ante 20
Befree_B3: posts the ante 20
diyami22: posts small blind 80
cemise: posts big blind 160
*** HOLE CARDS ***
Dealt to Gabrielfs13 [7d Ah]
dudao2007: folds 
imbuocci: folds 
marck1son: folds 
Befree_B3: folds 
Davferca: folds 
Gabrielfs13: raises 160 to 320
diyami22: calls 240
cemise: folds 
*** FLOP *** [5s Jc 9c]
diyami22: checks 
Gabrielfs13: bets 240
diyami22: folds 
Uncalled bet (240) returned to Gabrielfs13
Gabrielfs13 collected 960 from pot
Gabrielfs13: doesn't show hand 
*** SUMMARY ***
Total pot 960 | Rake 0 
Board [5s Jc 9c]
Seat 1: Davferca folded before Flop (didn't bet)
Seat 2: Gabrielfs13 (button) collected (960)
Seat 3: diyami22 (small blind) folded on the Flop
Seat 4: cemise (big blind) folded before Flop
Seat 5: dudao2007 folded before Flop (didn't bet)
Seat 6: imbuocci folded before Flop (didn't bet)
Seat 7: marck1son folded before Flop (didn't bet)
Seat 8: Befree_B3 folded before Flop (didn't bet)



PokerStars Hand #257380888614: Tournament #3918744105, $2.40+$2.50+$0.60 USD Hold'em No Limit - Level V (80/160) - 2025/08/17 16:22:40 BRT [2025/08/17 15:22:40 ET]
Table '3918744105 100' 8-max Seat #3 is the button
Seat 1: Davferca (9980 in chips, $2.50 bounty) 
Seat 2: Gabrielfs13 (10357 in chips, $2.50 bounty) 
Seat 3: diyami22 (10110 in chips, $2.50 bounty) 
Seat 4: cemise (8503 in chips, $2.50 bounty) 
Seat 5: dudao2007 (16104 in chips, $2.50 bounty) 
Seat 6: imbuocci (11063 in chips, $2.50 bounty) 
Seat 7: marck1son (6873 in chips, $2.50 bounty) 
Seat 8: Befree_B3 (6402 in chips, $2.50 bounty) 
Davferca: posts the ante 20
Gabrielfs13: posts the ante 20
diyami22: posts the ante 20
cemise: posts the ante 20
dudao2007: posts the ante 20
imbuocci: posts the ante 20
marck1son: posts the ante 20
Befree_B3: posts the ante 20
cemise: posts small blind 80
dudao2007: posts big blind 160
*** HOLE CARDS ***
Dealt to Gabrielfs13 [9s Qd]
imbuocci: folds 
marck1son: folds 
Befree_B3: folds 
Davferca: folds 
Gabrielfs13: raises 160 to 320
diyami22: folds 
cemise: folds 
dudao2007: calls 160
*** FLOP *** [3s 5s Ah]
dudao2007: checks 
Gabrielfs13: bets 220
dudao2007: calls 220
*** TURN *** [3s 5s Ah] [8d]
dudao2007: checks 
Gabrielfs13: bets 660
dudao2007: calls 660
*** RIVER *** [3s 5s Ah 8d] [8c]
dudao2007: checks 
Gabrielfs13: checks 
*** SHOW DOWN ***
dudao2007: shows [4d Ad] (two pair, Aces and Eights)
Gabrielfs13: mucks hand 
dudao2007 collected 2640 from pot
*** SUMMARY ***
Total pot 2640 | Rake 0 
Board [3s 5s Ah 8d 8c]
Seat 1: Davferca folded before Flop (didn't bet)
Seat 2: Gabrielfs13 mucked [9s Qd]
Seat 3: diyami22 (button) folded before Flop (didn't bet)
Seat 4: cemise (small blind) folded before Flop
Seat 5: dudao2007 (big blind) showed [4d Ad] and won (2640) with two pair, Aces and Eights
Seat 6: imbuocci folded before Flop (didn't bet)
Seat 7: marck1son folded before Flop (didn't bet)
Seat 8: Befree_B3 folded before Flop (didn't bet)



PokerStars Hand #257380910823: Tournament #3918744105, $2.40+$2.50+$0.60 USD Hold'em No Limit - Level VI (100/200) - 2025/08/17 16:23:57 BRT [2025/08/17 15:23:57 ET]
Table '3918744105 100' 8-max Seat #4 is the button
Seat 1: Davferca (9960 in chips, $2.50 bounty) 
Seat 2: Gabrielfs13 (9137 in chips, $2.50 bounty) 
Seat 3: diyami22 (10090 in chips, $2.50 bounty) 
Seat 4: cemise (8403 in chips, $2.50 bounty) 
Seat 5: dudao2007 (17524 in chips, $2.50 bounty) 
Seat 6: imbuocci (11043 in chips, $2.50 bounty) 
Seat 7: marck1son (6853 in chips, $2.50 bounty) 
Seat 8: Befree_B3 (6382 in chips, $2.50 bounty) 
Davferca: posts the ante 25
Gabrielfs13: posts the ante 25
diyami22: posts the ante 25
cemise: posts the ante 25
dudao2007: posts the ante 25
imbuocci: posts the ante 25
marck1son: posts the ante 25
Befree_B3: posts the ante 25
dudao2007: posts small blind 100
imbuocci: posts big blind 200
*** HOLE CARDS ***
Dealt to Gabrielfs13 [9c 4s]
marck1son: folds 
Befree_B3: folds 
Davferca: folds 
Gabrielfs13: folds 
diyami22: raises 200 to 400
cemise: calls 400
dudao2007: folds 
imbuocci: folds 
*** FLOP *** [3s 8d 2s]
diyami22: checks 
cemise: checks 
*** TURN *** [3s 8d 2s] [7c]
diyami22: checks 
cemise: bets 500
diyami22: folds 
Uncalled bet (500) returned to cemise
cemise collected 1300 from pot
*** SUMMARY ***
Total pot 1300 | Rake 0 
Board [3s 8d 2s 7c]
Seat 1: Davferca folded before Flop (didn't bet)
Seat 2: Gabrielfs13 folded before Flop (didn't bet)
Seat 3: diyami22 folded on the Turn
Seat 4: cemise (button) collected (1300)
Seat 5: dudao2007 (small blind) folded before Flop
Seat 6: imbuocci (big blind) folded before Flop
Seat 7: marck1son folded before Flop (didn't bet)
Seat 8: Befree_B3 folded before Flop (didn't bet)



PokerStars Hand #257380936840: Tournament #3918744105, $2.40+$2.50+$0.60 USD Hold'em No Limit - Level VI (100/200) - 2025/08/17 16:25:27 BRT [2025/08/17 15:25:27 ET]
Table '3918744105 100' 8-max Seat #5 is the button
Seat 1: Davferca (9935 in chips, $2.50 bounty) 
Seat 2: Gabrielfs13 (9112 in chips, $2.50 bounty) 
Seat 3: diyami22 (9665 in chips, $2.50 bounty) 
Seat 4: cemise (9278 in chips, $2.50 bounty) 
Seat 5: dudao2007 (17399 in chips, $2.50 bounty) 
Seat 6: imbuocci (10818 in chips, $2.50 bounty) 
Seat 7: marck1son (6828 in chips, $2.50 bounty) 
Seat 8: Befree_B3 (6357 in chips, $2.50 bounty) 
Davferca: posts the ante 25
Gabrielfs13: posts the ante 25
diyami22: posts the ante 25
cemise: posts the ante 25
dudao2007: posts the ante 25
imbuocci: posts the ante 25
marck1son: posts the ante 25
Befree_B3: posts the ante 25
imbuocci: posts small blind 100
marck1son: posts big blind 200
*** HOLE CARDS ***
Dealt to Gabrielfs13 [Td 8d]
Befree_B3: folds 
Davferca: folds 
Gabrielfs13: raises 200 to 400
diyami22: folds 
cemise: folds 
dudao2007: folds 
imbuocci: calls 300
marck1son: folds 
*** FLOP *** [Jc 2h 6h]
imbuocci: checks 
Gabrielfs13: bets 300
imbuocci: raises 1296 to 1596
Gabrielfs13: folds 
Uncalled bet (1296) returned to imbuocci
imbuocci collected 1800 from pot
imbuocci: doesn't show hand 
*** SUMMARY ***
Total pot 1800 | Rake 0 
Board [Jc 2h 6h]
Seat 1: Davferca folded before Flop (didn't bet)
Seat 2: Gabrielfs13 folded on the Flop
Seat 3: diyami22 folded before Flop (didn't bet)
Seat 4: cemise folded before Flop (didn't bet)
Seat 5: dudao2007 (button) folded before Flop (didn't bet)
Seat 6: imbuocci (small blind) collected (1800)
Seat 7: marck1son (big blind) folded before Flop
Seat 8: Befree_B3 folded before Flop (didn't bet)



PokerStars Hand #257380962372: Tournament #3918744105, $2.40+$2.50+$0.60 USD Hold'em No Limit - Level VI (100/200) - 2025/08/17 16:26:55 BRT [2025/08/17 15:26:55 ET]
Table '3918744105 100' 8-max Seat #6 is the button
Seat 1: Davferca (9910 in chips, $2.50 bounty) 
Seat 2: Gabrielfs13 (8387 in chips, $2.50 bounty) 
Seat 3: diyami22 (9640 in chips, $2.50 bounty) 
Seat 4: cemise (9253 in chips, $2.50 bounty) 
Seat 5: dudao2007 (17374 in chips, $2.50 bounty) 
Seat 6: imbuocci (11893 in chips, $2.50 bounty) 
Seat 7: marck1son (6603 in chips, $2.50 bounty) 
Seat 8: Befree_B3 (6332 in chips, $2.50 bounty) 
Davferca: posts the ante 25
Gabrielfs13: posts the ante 25
diyami22: posts the ante 25
cemise: posts the ante 25
dudao2007: posts the ante 25
imbuocci: posts the ante 25
marck1son: posts the ante 25
Befree_B3: posts the ante 25
marck1son: posts small blind 100
Befree_B3: posts big blind 200
*** HOLE CARDS ***
Dealt to Gabrielfs13 [7d 6d]
Davferca: raises 200 to 400
Gabrielfs13: calls 400
diyami22: folds 
cemise: calls 400
dudao2007: folds 
imbuocci: calls 400
marck1son: folds 
Befree_B3: folds 
*** FLOP *** [4c Qc 4h]
Davferca: bets 600
Gabrielfs13: folds 
cemise: calls 600
imbuocci: calls 600
*** TURN *** [4c Qc 4h] [Jd]
Davferca: bets 2067
cemise: folds 
imbuocci: folds 
Uncalled bet (2067) returned to Davferca
Davferca collected 3900 from pot
Davferca: doesn't show hand 
*** SUMMARY ***
Total pot 3900 | Rake 0 
Board [4c Qc 4h Jd]
Seat 1: Davferca collected (3900)
Seat 2: Gabrielfs13 folded on the Flop
Seat 3: diyami22 folded before Flop (didn't bet)
Seat 4: cemise folded on the Turn
Seat 5: dudao2007 folded before Flop (didn't bet)
Seat 6: imbuocci (button) folded on the Turn
Seat 7: marck1son (small blind) folded before Flop
Seat 8: Befree_B3 (big blind) folded before Flop



PokerStars Hand #257380991520: Tournament #3918744105, $2.40+$2.50+$0.60 USD Hold'em No Limit - Level VI (100/200) - 2025/08/17 16:28:37 BRT [2025/08/17 15:28:37 ET]
Table '3918744105 100' 8-max Seat #7 is the button
Seat 1: Davferca (12785 in chips, $2.50 bounty) 
Seat 2: Gabrielfs13 (7962 in chips, $2.50 bounty) 
Seat 3: diyami22 (9615 in chips, $2.50 bounty) 
Seat 4: cemise (8228 in chips, $2.50 bounty) 
Seat 5: dudao2007 (17349 in chips, $2.50 bounty) 
Seat 6: imbuocci (10868 in chips, $2.50 bounty) 
Seat 7: marck1son (6478 in chips, $2.50 bounty) 
Seat 8: Befree_B3 (6107 in chips, $2.50 bounty) 
Davferca: posts the ante 25
Gabrielfs13: posts the ante 25
diyami22: posts the ante 25
cemise: posts the ante 25
dudao2007: posts the ante 25
imbuocci: posts the ante 25
marck1son: posts the ante 25
Befree_B3: posts the ante 25
Befree_B3: posts small blind 100
Davferca: posts big blind 200
*** HOLE CARDS ***
Dealt to Gabrielfs13 [Qd 7h]
Gabrielfs13: folds 
diyami22: folds 
cemise: folds 
dudao2007: raises 400 to 600
imbuocci: calls 600
marck1son: folds 
Befree_B3: folds 
Davferca: folds 
*** FLOP *** [5c 6d 7c]
dudao2007: checks 
imbuocci: checks 
*** TURN *** [5c 6d 7c] [Kc]
dudao2007: bets 850
imbuocci: folds 
Uncalled bet (850) returned to dudao2007
dudao2007 collected 1700 from pot
dudao2007: doesn't show hand 
*** SUMMARY ***
Total pot 1700 | Rake 0 
Board [5c 6d 7c Kc]
Seat 1: Davferca (big blind) folded before Flop
Seat 2: Gabrielfs13 folded before Flop (didn't bet)
Seat 3: diyami22 folded before Flop (didn't bet)
Seat 4: cemise folded before Flop (didn't bet)
Seat 5: dudao2007 collected (1700)
Seat 6: imbuocci folded on the Turn
Seat 7: marck1son (button) folded before Flop (didn't bet)
Seat 8: Befree_B3 (small blind) folded before Flop



PokerStars Hand #257381009457: Tournament #3918744105, $2.40+$2.50+$0.60 USD Hold'em No Limit - Level VI (100/200) - 2025/08/17 16:29:40 BRT [2025/08/17 15:29:40 ET]
Table '3918744105 100' 8-max Seat #8 is the button
Seat 1: Davferca (12560 in chips, $2.50 bounty) 
Seat 2: Gabrielfs13 (7937 in chips, $2.50 bounty) 
Seat 3: diyami22 (9590 in chips, $2.50 bounty) 
Seat 4: cemise (8203 in chips, $2.50 bounty) 
Seat 5: dudao2007 (18424 in chips, $2.50 bounty) 
Seat 6: imbuocci (10243 in chips, $2.50 bounty) 
Seat 7: marck1son (6453 in chips, $2.50 bounty) 
Seat 8: Befree_B3 (5982 in chips, $2.50 bounty) 
Davferca: posts the ante 25
Gabrielfs13: posts the ante 25
diyami22: posts the ante 25
cemise: posts the ante 25
dudao2007: posts the ante 25
imbuocci: posts the ante 25
marck1son: posts the ante 25
Befree_B3: posts the ante 25
Davferca: posts small blind 100
Gabrielfs13: posts big blind 200
*** HOLE CARDS ***
Dealt to Gabrielfs13 [Js Td]
diyami22: folds 
cemise: folds 
dudao2007: folds 
imbuocci: raises 240 to 440
marck1son: folds 
Befree_B3: folds 
Davferca: calls 340
Gabrielfs13: calls 240
*** FLOP *** [5h 9c Ah]
Davferca: checks 
Gabrielfs13: checks 
imbuocci: bets 894
Davferca: folds 
Gabrielfs13: folds 
Uncalled bet (894) returned to imbuocci
imbuocci collected 1520 from pot
imbuocci: doesn't show hand 
*** SUMMARY ***
Total pot 1520 | Rake 0 
Board [5h 9c Ah]
Seat 1: Davferca (small blind) folded on the Flop
Seat 2: Gabrielfs13 (big blind) folded on the Flop
Seat 3: diyami22 folded before Flop (didn't bet)
Seat 4: cemise folded before Flop (didn't bet)
Seat 5: dudao2007 folded before Flop (didn't bet)
Seat 6: imbuocci collected (1520)
Seat 7: marck1son folded before Flop (didn't bet)
Seat 8: Befree_B3 (button) folded before Flop (didn't bet)



PokerStars Hand #257381027588: Tournament #3918744105, $2.40+$2.50+$0.60 USD Hold'em No Limit - Level VI (100/200) - 2025/08/17 16:30:43 BRT [2025/08/17 15:30:43 ET]
Table '3918744105 100' 8-max Seat #1 is the button
Seat 1: Davferca (12095 in chips, $2.50 bounty) 
Seat 2: Gabrielfs13 (7472 in chips, $2.50 bounty) 
Seat 3: diyami22 (9565 in chips, $2.50 bounty) 
Seat 4: cemise (8178 in chips, $2.50 bounty) 
Seat 5: dudao2007 (18399 in chips, $2.50 bounty) 
Seat 6: imbuocci (11298 in chips, $2.50 bounty) 
Seat 7: marck1son (6428 in chips, $2.50 bounty) 
Seat 8: Befree_B3 (5957 in chips, $2.50 bounty) 
Davferca: posts the ante 25
Gabrielfs13: posts the ante 25
diyami22: posts the ante 25
cemise: posts the ante 25
dudao2007: posts the ante 25
imbuocci: posts the ante 25
marck1son: posts the ante 25
Befree_B3: posts the ante 25
Gabrielfs13: posts small blind 100
diyami22: posts big blind 200
*** HOLE CARDS ***
Dealt to Gabrielfs13 [3d 9s]
cemise: folds 
dudao2007: folds 
imbuocci: folds 
marck1son: folds 
Befree_B3: folds 
Davferca: raises 200 to 400
Gabrielfs13: folds 
diyami22: calls 200
*** FLOP *** [Kc 7d 9d]
diyami22: checks 
Davferca: bets 363
diyami22: calls 363
*** TURN *** [Kc 7d 9d] [Ac]
diyami22: checks 
Davferca: bets 1000
diyami22: folds 
Uncalled bet (1000) returned to Davferca
Davferca collected 1826 from pot
Davferca: doesn't show hand 
*** SUMMARY ***
Total pot 1826 | Rake 0 
Board [Kc 7d 9d Ac]
Seat 1: Davferca (button) collected (1826)
Seat 2: Gabrielfs13 (small blind) folded before Flop
Seat 3: diyami22 (big blind) folded on the Turn
Seat 4: cemise folded before Flop (didn't bet)
Seat 5: dudao2007 folded before Flop (didn't bet)
Seat 6: imbuocci folded before Flop (didn't bet)
Seat 7: marck1son folded before Flop (didn't bet)
Seat 8: Befree_B3 folded before Flop (didn't bet)



PokerStars Hand #257381048288: Tournament #3918744105, $2.40+$2.50+$0.60 USD Hold'em No Limit - Level VII (125/250) - 2025/08/17 16:31:54 BRT [2025/08/17 15:31:54 ET]
Table '3918744105 100' 8-max Seat #2 is the button
Seat 1: Davferca (13133 in chips, $2.50 bounty) 
Seat 2: Gabrielfs13 (7347 in chips, $2.50 bounty) 
Seat 3: diyami22 (8777 in chips, $2.50 bounty) 
Seat 4: cemise (8153 in chips, $2.50 bounty) 
Seat 5: dudao2007 (18374 in chips, $2.50 bounty) 
Seat 6: imbuocci (11273 in chips, $2.50 bounty) 
Seat 7: marck1son (6403 in chips, $2.50 bounty) 
Seat 8: Befree_B3 (5932 in chips, $2.50 bounty) 
Davferca: posts the ante 30
Gabrielfs13: posts the ante 30
diyami22: posts the ante 30
cemise: posts the ante 30
dudao2007: posts the ante 30
imbuocci: posts the ante 30
marck1son: posts the ante 30
Befree_B3: posts the ante 30
diyami22: posts small blind 125
cemise: posts big blind 250
*** HOLE CARDS ***
Dealt to Gabrielfs13 [8d Kd]
dudao2007: folds 
imbuocci: folds 
marck1son: folds 
Befree_B3: folds 
Davferca: raises 250 to 500
Gabrielfs13: calls 500
diyami22: folds 
cemise: calls 250
*** FLOP *** [8s Jh 5d]
cemise: checks 
Davferca: bets 615
Gabrielfs13: calls 615
cemise: calls 615
*** TURN *** [8s Jh 5d] [4c]
cemise: checks 
Davferca: bets 2000
Gabrielfs13: calls 2000
cemise: folds 
*** RIVER *** [8s Jh 5d 4c] [Tc]
Davferca: bets 4250
Gabrielfs13: calls 4202 and is all-in
Uncalled bet (48) returned to Davferca
*** SHOW DOWN ***
Davferca: shows [Qc Qd] (a pair of Queens)
Gabrielfs13: shows [8d Kd] (a pair of Eights)
Davferca collected 16114 from pot
Davferca wins $1.25 for eliminating Gabrielfs13 and their own bounty increases by $1.25 to $3.75
Gabrielfs13 finished the tournament
*** SUMMARY ***
Total pot 16114 | Rake 0 
Board [8s Jh 5d 4c Tc]
Seat 1: Davferca showed [Qc Qd] and won (16114) with a pair of Queens
Seat 2: Gabrielfs13 (button) showed [8d Kd] and lost with a pair of Eights
Seat 3: diyami22 (small blind) folded before Flop
Seat 4: cemise (big blind) folded on the Turn
Seat 5: dudao2007 folded before Flop (didn't bet)
Seat 6: imbuocci folded before Flop (didn't bet)
Seat 7: marck1son folded before Flop (didn't bet)
Seat 8: Befree_B3 folded before Flop (didn't bet)



