PokerStars Hand #257037092358: Tournament #3910307580, $7.20+$7.50+$1.80 USD Hold'em No Limit - Level II (40/80) - 2025/07/21 16:43:20 BRT [2025/07/21 15:43:20 ET]
Table '3910307580 7' 9-max Seat #5 is the button
Seat 1: JBGMendes (10583 in chips, $7.50 bounty) 
Seat 2: Paulo_Pedros (13578 in chips, $7.50 bounty) 
Seat 3: Knoxtod (9488 in chips, $7.50 bounty) 
Seat 4: Gabrielfs13 (10000 in chips, $7.50 bounty) 
Seat 5: blomman5 (9596 in chips, $7.50 bounty) 
Seat 6: GenteFina93 (6795 in chips, $7.50 bounty) 
Seat 7: 69ruby69 (15424 in chips, $11.25 bounty) 
Seat 8: Themotion13 (9659 in chips, $7.50 bounty) 
Seat 9: skianu (8830 in chips, $7.50 bounty) 
JBGMendes: posts the ante 10
Paulo_Pedros: posts the ante 10
Knoxtod: posts the ante 10
Gabrielfs13: posts the ante 10
blomman5: posts the ante 10
GenteFina93: posts the ante 10
69ruby69: posts the ante 10
Themotion13: posts the ante 10
skianu: posts the ante 10
GenteFina93: posts small blind 40
69ruby69: posts big blind 80
*** HOLE CARDS ***
Dealt to Gabrielfs13 [Jd 2c]
Themotion13: folds 
skianu: raises 80 to 160
JBGMendes: folds 
Paulo_Pedros: folds 
Knoxtod: folds 
Gabrielfs13: folds 
blomman5: folds 
GenteFina93: folds 
69ruby69: folds 
Uncalled bet (80) returned to skianu
skianu collected 290 from pot
skianu: doesn't show hand 
*** SUMMARY ***
Total pot 290 | Rake 0 
Seat 1: JBGMendes folded before Flop (didn't bet)
Seat 2: Paulo_Pedros folded before Flop (didn't bet)
Seat 3: Knoxtod folded before Flop (didn't bet)
Seat 4: Gabrielfs13 folded before Flop (didn't bet)
Seat 5: blomman5 (button) folded before Flop (didn't bet)
Seat 6: GenteFina93 (small blind) folded before Flop
Seat 7: 69ruby69 (big blind) folded before Flop
Seat 8: Themotion13 folded before Flop (didn't bet)
Seat 9: skianu collected (290)



PokerStars Hand #257037097971: Tournament #3910307580, $7.20+$7.50+$1.80 USD Hold'em No Limit - Level II (40/80) - 2025/07/21 16:43:43 BRT [2025/07/21 15:43:43 ET]
Table '3910307580 7' 9-max Seat #6 is the button
Seat 1: JBGMendes (10573 in chips, $7.50 bounty) 
Seat 2: Paulo_Pedros (13568 in chips, $7.50 bounty) 
Seat 3: Knoxtod (9478 in chips, $7.50 bounty) 
Seat 4: Gabrielfs13 (9990 in chips, $7.50 bounty) 
Seat 5: blomman5 (9586 in chips, $7.50 bounty) 
Seat 6: GenteFina93 (6745 in chips, $7.50 bounty) 
Seat 7: 69ruby69 (15334 in chips, $11.25 bounty) 
Seat 8: Themotion13 (9649 in chips, $7.50 bounty) 
Seat 9: skianu (9030 in chips, $7.50 bounty) 
JBGMendes: posts the ante 10
Paulo_Pedros: posts the ante 10
Knoxtod: posts the ante 10
Gabrielfs13: posts the ante 10
blomman5: posts the ante 10
GenteFina93: posts the ante 10
69ruby69: posts the ante 10
Themotion13: posts the ante 10
skianu: posts the ante 10
69ruby69: posts small blind 40
Themotion13: posts big blind 80
*** HOLE CARDS ***
Dealt to Gabrielfs13 [Tc 2s]
skianu: folds 
JBGMendes: folds 
Paulo_Pedros: folds 
Knoxtod: folds 
Gabrielfs13: folds 
blomman5: raises 96 to 176
GenteFina93: calls 176
69ruby69: folds 
Themotion13: calls 96
*** FLOP *** [5d 5c Ts]
Themotion13: checks 
blomman5: bets 197
GenteFina93: folds 
Themotion13: raises 283 to 480
blomman5: calls 283
*** TURN *** [5d 5c Ts] [5h]
Themotion13: bets 841
blomman5: folds 
Uncalled bet (841) returned to Themotion13
Themotion13 collected 1618 from pot
Themotion13: doesn't show hand 
*** SUMMARY ***
Total pot 1618 | Rake 0 
Board [5d 5c Ts 5h]
Seat 1: JBGMendes folded before Flop (didn't bet)
Seat 2: Paulo_Pedros folded before Flop (didn't bet)
Seat 3: Knoxtod folded before Flop (didn't bet)
Seat 4: Gabrielfs13 folded before Flop (didn't bet)
Seat 5: blomman5 folded on the Turn
Seat 6: GenteFina93 (button) folded on the Flop
Seat 7: 69ruby69 (small blind) folded before Flop
Seat 8: Themotion13 (big blind) collected (1618)
Seat 9: skianu folded before Flop (didn't bet)



PokerStars Hand #257037120284: Tournament #3910307580, $7.20+$7.50+$1.80 USD Hold'em No Limit - Level III (50/100) - 2025/07/21 16:45:14 BRT [2025/07/21 15:45:14 ET]
Table '3910307580 7' 9-max Seat #7 is the button
Seat 1: JBGMendes (10563 in chips, $7.50 bounty) 
Seat 2: Paulo_Pedros (13558 in chips, $7.50 bounty) 
Seat 3: Knoxtod (9468 in chips, $7.50 bounty) 
Seat 4: Gabrielfs13 (9980 in chips, $7.50 bounty) 
Seat 5: blomman5 (8920 in chips, $7.50 bounty) 
Seat 6: GenteFina93 (6559 in chips, $7.50 bounty) 
Seat 7: 69ruby69 (15284 in chips, $11.25 bounty) 
Seat 8: Themotion13 (10601 in chips, $7.50 bounty) 
Seat 9: skianu (9020 in chips, $7.50 bounty) 
JBGMendes: posts the ante 12
Paulo_Pedros: posts the ante 12
Knoxtod: posts the ante 12
Gabrielfs13: posts the ante 12
blomman5: posts the ante 12
GenteFina93: posts the ante 12
69ruby69: posts the ante 12
Themotion13: posts the ante 12
skianu: posts the ante 12
Themotion13: posts small blind 50
skianu: posts big blind 100
*** HOLE CARDS ***
Dealt to Gabrielfs13 [Ts Ks]
JBGMendes: raises 100 to 200
Paulo_Pedros: folds 
Knoxtod: folds 
Gabrielfs13: raises 550 to 750
blomman5: folds 
GenteFina93: folds 
69ruby69: folds 
Themotion13: folds 
skianu: folds 
JBGMendes: folds 
Uncalled bet (550) returned to Gabrielfs13
Gabrielfs13 collected 658 from pot
Gabrielfs13: doesn't show hand 
*** SUMMARY ***
Total pot 658 | Rake 0 
Seat 1: JBGMendes folded before Flop
Seat 2: Paulo_Pedros folded before Flop (didn't bet)
Seat 3: Knoxtod folded before Flop (didn't bet)
Seat 4: Gabrielfs13 collected (658)
Seat 5: blomman5 folded before Flop (didn't bet)
Seat 6: GenteFina93 folded before Flop (didn't bet)
Seat 7: 69ruby69 (button) folded before Flop (didn't bet)
Seat 8: Themotion13 (small blind) folded before Flop
Seat 9: skianu (big blind) folded before Flop



PokerStars Hand #257037128724: Tournament #3910307580, $7.20+$7.50+$1.80 USD Hold'em No Limit - Level III (50/100) - 2025/07/21 16:45:49 BRT [2025/07/21 15:45:49 ET]
Table '3910307580 7' 9-max Seat #8 is the button
Seat 1: JBGMendes (10351 in chips, $7.50 bounty) 
Seat 2: Paulo_Pedros (13546 in chips, $7.50 bounty) 
Seat 3: Knoxtod (9456 in chips, $7.50 bounty) 
Seat 4: Gabrielfs13 (10426 in chips, $7.50 bounty) 
Seat 5: blomman5 (8908 in chips, $7.50 bounty) 
Seat 6: GenteFina93 (6547 in chips, $7.50 bounty) 
Seat 7: 69ruby69 (15272 in chips, $11.25 bounty) 
Seat 8: Themotion13 (10539 in chips, $7.50 bounty) 
Seat 9: skianu (8908 in chips, $7.50 bounty) 
JBGMendes: posts the ante 12
Paulo_Pedros: posts the ante 12
Knoxtod: posts the ante 12
Gabrielfs13: posts the ante 12
blomman5: posts the ante 12
GenteFina93: posts the ante 12
69ruby69: posts the ante 12
Themotion13: posts the ante 12
skianu: posts the ante 12
skianu: posts small blind 50
JBGMendes: posts big blind 100
*** HOLE CARDS ***
Dealt to Gabrielfs13 [Kh Ah]
Paulo_Pedros: raises 100 to 200
Knoxtod: folds 
Gabrielfs13: raises 550 to 750
blomman5: folds 
GenteFina93: folds 
69ruby69: folds 
Themotion13: folds 
skianu: folds 
JBGMendes: folds 
Paulo_Pedros: folds 
Uncalled bet (550) returned to Gabrielfs13
Gabrielfs13 collected 658 from pot
Gabrielfs13: doesn't show hand 
*** SUMMARY ***
Total pot 658 | Rake 0 
Seat 1: JBGMendes (big blind) folded before Flop
Seat 2: Paulo_Pedros folded before Flop
Seat 3: Knoxtod folded before Flop (didn't bet)
Seat 4: Gabrielfs13 collected (658)
Seat 5: blomman5 folded before Flop (didn't bet)
Seat 6: GenteFina93 folded before Flop (didn't bet)
Seat 7: 69ruby69 folded before Flop (didn't bet)
Seat 8: Themotion13 (button) folded before Flop (didn't bet)
Seat 9: skianu (small blind) folded before Flop



PokerStars Hand #257037136522: Tournament #3910307580, $7.20+$7.50+$1.80 USD Hold'em No Limit - Level III (50/100) - 2025/07/21 16:46:20 BRT [2025/07/21 15:46:20 ET]
Table '3910307580 7' 9-max Seat #9 is the button
Seat 1: JBGMendes (10239 in chips, $7.50 bounty) 
Seat 2: Paulo_Pedros (13334 in chips, $7.50 bounty) 
Seat 3: Knoxtod (9444 in chips, $7.50 bounty) 
Seat 4: Gabrielfs13 (10872 in chips, $7.50 bounty) 
Seat 5: blomman5 (8896 in chips, $7.50 bounty) 
Seat 6: GenteFina93 (6535 in chips, $7.50 bounty) 
Seat 7: 69ruby69 (15260 in chips, $11.25 bounty) 
Seat 8: Themotion13 (10527 in chips, $7.50 bounty) 
Seat 9: skianu (8846 in chips, $7.50 bounty) 
JBGMendes: posts the ante 12
Paulo_Pedros: posts the ante 12
Knoxtod: posts the ante 12
Gabrielfs13: posts the ante 12
blomman5: posts the ante 12
GenteFina93: posts the ante 12
69ruby69: posts the ante 12
Themotion13: posts the ante 12
skianu: posts the ante 12
JBGMendes: posts small blind 50
Paulo_Pedros: posts big blind 100
*** HOLE CARDS ***
Dealt to Gabrielfs13 [Tc 7c]
Knoxtod: folds 
Gabrielfs13: folds 
blomman5: folds 
GenteFina93: folds 
69ruby69: folds 
Themotion13: raises 100 to 200
skianu: folds 
JBGMendes: folds 
Paulo_Pedros: calls 100
*** FLOP *** [2c 5d 4s]
Paulo_Pedros: checks 
Themotion13: checks 
*** TURN *** [2c 5d 4s] [Td]
Paulo_Pedros: bets 184
Themotion13: calls 184
*** RIVER *** [2c 5d 4s Td] [9c]
Paulo_Pedros: bets 306
Themotion13: calls 306
*** SHOW DOWN ***
Paulo_Pedros: shows [Kh 9s] (a pair of Nines)
Themotion13: mucks hand 
Paulo_Pedros collected 1538 from pot
*** SUMMARY ***
Total pot 1538 | Rake 0 
Board [2c 5d 4s Td 9c]
Seat 1: JBGMendes (small blind) folded before Flop
Seat 2: Paulo_Pedros (big blind) showed [Kh 9s] and won (1538) with a pair of Nines
Seat 3: Knoxtod folded before Flop (didn't bet)
Seat 4: Gabrielfs13 folded before Flop (didn't bet)
Seat 5: blomman5 folded before Flop (didn't bet)
Seat 6: GenteFina93 folded before Flop (didn't bet)
Seat 7: 69ruby69 folded before Flop (didn't bet)
Seat 8: Themotion13 mucked [Ks 5s]
Seat 9: skianu (button) folded before Flop (didn't bet)



PokerStars Hand #257037152084: Tournament #3910307580, $7.20+$7.50+$1.80 USD Hold'em No Limit - Level III (50/100) - 2025/07/21 16:47:23 BRT [2025/07/21 15:47:23 ET]
Table '3910307580 7' 9-max Seat #1 is the button
Seat 1: JBGMendes (10177 in chips, $7.50 bounty) 
Seat 2: Paulo_Pedros (14170 in chips, $7.50 bounty) 
Seat 4: Gabrielfs13 (10860 in chips, $7.50 bounty) 
Seat 5: blomman5 (8884 in chips, $7.50 bounty) 
Seat 6: GenteFina93 (6523 in chips, $7.50 bounty) 
Seat 7: 69ruby69 (15248 in chips, $11.25 bounty) 
Seat 8: Themotion13 (9825 in chips, $7.50 bounty) 
Seat 9: skianu (8834 in chips, $7.50 bounty) 
JBGMendes: posts the ante 12
Paulo_Pedros: posts the ante 12
Gabrielfs13: posts the ante 12
blomman5: posts the ante 12
GenteFina93: posts the ante 12
69ruby69: posts the ante 12
Themotion13: posts the ante 12
skianu: posts the ante 12
Paulo_Pedros: posts small blind 50
Gabrielfs13: posts big blind 100
*** HOLE CARDS ***
Dealt to Gabrielfs13 [4c Kh]
blomman5: folds 
GenteFina93: folds 
69ruby69: calls 100
Themotion13: folds 
skianu: folds 
JBGMendes: folds 
Paulo_Pedros: calls 50
Gabrielfs13: checks 
*** FLOP *** [4s Ts 9d]
Paulo_Pedros: checks 
Gabrielfs13: bets 150
69ruby69: calls 150
Paulo_Pedros: calls 150
*** TURN *** [4s Ts 9d] [7d]
Paulo_Pedros: checks 
Gabrielfs13: checks 
69ruby69: checks 
*** RIVER *** [4s Ts 9d 7d] [7c]
Paulo_Pedros: checks 
Gabrielfs13: checks 
69ruby69: checks 
*** SHOW DOWN ***
Paulo_Pedros: shows [5h Tc] (two pair, Tens and Sevens)
Gabrielfs13: mucks hand 
69ruby69: mucks hand 
Paulo_Pedros collected 846 from pot
*** SUMMARY ***
Total pot 846 | Rake 0 
Board [4s Ts 9d 7d 7c]
Seat 1: JBGMendes (button) folded before Flop (didn't bet)
Seat 2: Paulo_Pedros (small blind) showed [5h Tc] and won (846) with two pair, Tens and Sevens
Seat 4: Gabrielfs13 (big blind) mucked [4c Kh]
Seat 5: blomman5 folded before Flop (didn't bet)
Seat 6: GenteFina93 folded before Flop (didn't bet)
Seat 7: 69ruby69 mucked [Kc Jc]
Seat 8: Themotion13 folded before Flop (didn't bet)
Seat 9: skianu folded before Flop (didn't bet)



PokerStars Hand #257037168197: Tournament #3910307580, $7.20+$7.50+$1.80 USD Hold'em No Limit - Level III (50/100) - 2025/07/21 16:48:29 BRT [2025/07/21 15:48:29 ET]
Table '3910307580 7' 9-max Seat #2 is the button
Seat 1: JBGMendes (10165 in chips, $7.50 bounty) 
Seat 2: Paulo_Pedros (14754 in chips, $7.50 bounty) 
Seat 4: Gabrielfs13 (10598 in chips, $7.50 bounty) 
Seat 5: blomman5 (8872 in chips, $7.50 bounty) 
Seat 6: GenteFina93 (6511 in chips, $7.50 bounty) 
Seat 7: 69ruby69 (14986 in chips, $11.25 bounty) 
Seat 8: Themotion13 (9813 in chips, $7.50 bounty) 
Seat 9: skianu (8822 in chips, $7.50 bounty) 
JBGMendes: posts the ante 12
Paulo_Pedros: posts the ante 12
Gabrielfs13: posts the ante 12
blomman5: posts the ante 12
GenteFina93: posts the ante 12
69ruby69: posts the ante 12
Themotion13: posts the ante 12
skianu: posts the ante 12
Gabrielfs13: posts small blind 50
blomman5: posts big blind 100
*** HOLE CARDS ***
Dealt to Gabrielfs13 [8h As]
GenteFina93: folds 
69ruby69: folds 
Themotion13: folds 
skianu: folds 
JBGMendes: raises 100 to 200
lucashnr11 is disconnected 
Paulo_Pedros: folds 
Gabrielfs13: folds 
blomman5: folds 
Uncalled bet (100) returned to JBGMendes
JBGMendes collected 346 from pot
JBGMendes: doesn't show hand 
*** SUMMARY ***
Total pot 346 | Rake 0 
Seat 1: JBGMendes collected (346)
Seat 2: Paulo_Pedros (button) folded before Flop (didn't bet)
Seat 4: Gabrielfs13 (small blind) folded before Flop
Seat 5: blomman5 (big blind) folded before Flop
Seat 6: GenteFina93 folded before Flop (didn't bet)
Seat 7: 69ruby69 folded before Flop (didn't bet)
Seat 8: Themotion13 folded before Flop (didn't bet)
Seat 9: skianu folded before Flop (didn't bet)



PokerStars Hand #257037176653: Tournament #3910307580, $7.20+$7.50+$1.80 USD Hold'em No Limit - Level III (50/100) - 2025/07/21 16:49:03 BRT [2025/07/21 15:49:03 ET]
Table '3910307580 7' 9-max Seat #4 is the button
Seat 1: JBGMendes (10399 in chips, $7.50 bounty) 
Seat 2: Paulo_Pedros (14742 in chips, $7.50 bounty) 
Seat 3: lucashnr11 (10000 in chips, $7.50 bounty) 
Seat 4: Gabrielfs13 (10536 in chips, $7.50 bounty) 
Seat 5: blomman5 (8760 in chips, $7.50 bounty) 
Seat 6: GenteFina93 (6499 in chips, $7.50 bounty) 
Seat 7: 69ruby69 (14974 in chips, $11.25 bounty) 
Seat 8: Themotion13 (9801 in chips, $7.50 bounty) 
JBGMendes: posts the ante 12
Paulo_Pedros: posts the ante 12
lucashnr11: posts the ante 12
Gabrielfs13: posts the ante 12
blomman5: posts the ante 12
GenteFina93: posts the ante 12
69ruby69: posts the ante 12
Themotion13: posts the ante 12
blomman5: posts small blind 50
GenteFina93: posts big blind 100
*** HOLE CARDS ***
Dealt to Gabrielfs13 [9d 6h]
69ruby69: calls 100
Themotion13: folds 
JBGMendes: folds 
Paulo_Pedros: folds 
lucashnr11: folds 
Gabrielfs13: folds 
blomman5: calls 50
GenteFina93: checks 
*** FLOP *** [7h 8h 5s]
blomman5: bets 200
GenteFina93: folds 
69ruby69: folds 
Uncalled bet (200) returned to blomman5
blomman5 collected 396 from pot
blomman5: doesn't show hand 
*** SUMMARY ***
Total pot 396 | Rake 0 
Board [7h 8h 5s]
Seat 1: JBGMendes folded before Flop (didn't bet)
Seat 2: Paulo_Pedros folded before Flop (didn't bet)
Seat 3: lucashnr11 folded before Flop (didn't bet)
Seat 4: Gabrielfs13 (button) folded before Flop (didn't bet)
Seat 5: blomman5 (small blind) collected (396)
Seat 6: GenteFina93 (big blind) folded on the Flop
Seat 7: 69ruby69 folded on the Flop
Seat 8: Themotion13 folded before Flop (didn't bet)



PokerStars Hand #257037186695: Tournament #3910307580, $7.20+$7.50+$1.80 USD Hold'em No Limit - Level III (50/100) - 2025/07/21 16:49:45 BRT [2025/07/21 15:49:45 ET]
Table '3910307580 7' 9-max Seat #5 is the button
Seat 1: JBGMendes (10387 in chips, $7.50 bounty) 
Seat 2: Paulo_Pedros (14730 in chips, $7.50 bounty) 
Seat 3: lucashnr11 (9988 in chips, $7.50 bounty) 
Seat 4: Gabrielfs13 (10524 in chips, $7.50 bounty) 
Seat 5: blomman5 (9044 in chips, $7.50 bounty) 
Seat 6: GenteFina93 (6387 in chips, $7.50 bounty) 
Seat 7: 69ruby69 (14862 in chips, $11.25 bounty) 
Seat 8: Themotion13 (9789 in chips, $7.50 bounty) 
JBGMendes: posts the ante 12
Paulo_Pedros: posts the ante 12
lucashnr11: posts the ante 12
Gabrielfs13: posts the ante 12
blomman5: posts the ante 12
GenteFina93: posts the ante 12
69ruby69: posts the ante 12
Themotion13: posts the ante 12
GenteFina93: posts small blind 50
69ruby69: posts big blind 100
*** HOLE CARDS ***
Dealt to Gabrielfs13 [3s 7h]
Themotion13: folds 
JBGMendes: folds 
Paulo_Pedros: raises 100 to 200
lucashnr11: folds 
Gabrielfs13: folds 
blomman5: folds 
GenteFina93: calls 150
69ruby69: folds 
*** FLOP *** [Qd Tc Td]
BonuM2222 is disconnected 
GenteFina93: checks 
Paulo_Pedros: bets 149
GenteFina93: raises 301 to 450
Paulo_Pedros: calls 301
*** TURN *** [Qd Tc Td] [Js]
GenteFina93: checks 
Paulo_Pedros: checks 
*** RIVER *** [Qd Tc Td Js] [Qc]
GenteFina93: checks 
Paulo_Pedros: bets 2057
GenteFina93: calls 2057
*** SHOW DOWN ***
Paulo_Pedros: shows [Qs 8s] (a full house, Queens full of Tens)
GenteFina93: mucks hand 
Paulo_Pedros collected 5610 from pot
*** SUMMARY ***
Total pot 5610 | Rake 0 
Board [Qd Tc Td Js Qc]
Seat 1: JBGMendes folded before Flop (didn't bet)
Seat 2: Paulo_Pedros showed [Qs 8s] and won (5610) with a full house, Queens full of Tens
Seat 3: lucashnr11 folded before Flop (didn't bet)
Seat 4: Gabrielfs13 folded before Flop (didn't bet)
Seat 5: blomman5 (button) folded before Flop (didn't bet)
Seat 6: GenteFina93 (small blind) mucked [Ac Th]
Seat 7: 69ruby69 (big blind) folded before Flop
Seat 8: Themotion13 folded before Flop (didn't bet)



PokerStars Hand #257037208592: Tournament #3910307580, $7.20+$7.50+$1.80 USD Hold'em No Limit - Level III (50/100) - 2025/07/21 16:51:15 BRT [2025/07/21 15:51:15 ET]
Table '3910307580 7' 9-max Seat #6 is the button
Seat 1: JBGMendes (10375 in chips, $7.50 bounty) 
Seat 2: Paulo_Pedros (17621 in chips, $7.50 bounty) 
Seat 3: lucashnr11 (9976 in chips, $7.50 bounty) 
Seat 4: Gabrielfs13 (10512 in chips, $7.50 bounty) 
Seat 5: blomman5 (9032 in chips, $7.50 bounty) 
Seat 6: GenteFina93 (3668 in chips, $7.50 bounty) 
Seat 7: 69ruby69 (14750 in chips, $11.25 bounty) 
Seat 8: Themotion13 (9777 in chips, $7.50 bounty) 
Seat 9: BonuM2222 (10000 in chips, $7.50 bounty) 
JBGMendes: posts the ante 12
Paulo_Pedros: posts the ante 12
lucashnr11: posts the ante 12
Gabrielfs13: posts the ante 12
blomman5: posts the ante 12
GenteFina93: posts the ante 12
69ruby69: posts the ante 12
Themotion13: posts the ante 12
BonuM2222: posts the ante 12
69ruby69: posts small blind 50
Themotion13: posts big blind 100
*** HOLE CARDS ***
Dealt to Gabrielfs13 [9d 2c]
BonuM2222: folds 
JBGMendes: folds 
Paulo_Pedros: folds 
lucashnr11: folds 
Gabrielfs13: folds 
blomman5: folds 
GenteFina93: raises 100 to 200
69ruby69: folds 
Themotion13: calls 100
*** FLOP *** [6c 6h 4s]
Themotion13: checks 
GenteFina93: bets 184
Themotion13: calls 184
*** TURN *** [6c 6h 4s] [Qc]
Themotion13: checks 
GenteFina93: checks 
*** RIVER *** [6c 6h 4s Qc] [2d]
Themotion13: bets 550
GenteFina93: calls 550
*** SHOW DOWN ***
Themotion13: shows [4d 6s] (a full house, Sixes full of Fours)
GenteFina93: mucks hand 
Themotion13 collected 2026 from pot
*** SUMMARY ***
Total pot 2026 | Rake 0 
Board [6c 6h 4s Qc 2d]
Seat 1: JBGMendes folded before Flop (didn't bet)
Seat 2: Paulo_Pedros folded before Flop (didn't bet)
Seat 3: lucashnr11 folded before Flop (didn't bet)
Seat 4: Gabrielfs13 folded before Flop (didn't bet)
Seat 5: blomman5 folded before Flop (didn't bet)
Seat 6: GenteFina93 (button) mucked [Ts Td]
Seat 7: 69ruby69 (small blind) folded before Flop
Seat 8: Themotion13 (big blind) showed [4d 6s] and won (2026) with a full house, Sixes full of Fours
Seat 9: BonuM2222 folded before Flop (didn't bet)



PokerStars Hand #257037246913: Tournament #3910307580, $7.20+$7.50+$1.80 USD Hold'em No Limit - Level III (50/100) - 2025/07/21 16:53:51 BRT [2025/07/21 15:53:51 ET]
Table '3910307580 7' 9-max Seat #7 is the button
Seat 1: JBGMendes (10363 in chips, $7.50 bounty) 
Seat 2: Paulo_Pedros (17609 in chips, $7.50 bounty) 
Seat 3: lucashnr11 (9964 in chips, $7.50 bounty) 
Seat 4: Gabrielfs13 (10500 in chips, $7.50 bounty) 
Seat 5: blomman5 (9020 in chips, $7.50 bounty) 
Seat 6: GenteFina93 (2722 in chips, $7.50 bounty) 
Seat 7: 69ruby69 (14688 in chips, $11.25 bounty) 
Seat 8: Themotion13 (10857 in chips, $7.50 bounty) 
Seat 9: BonuM2222 (9988 in chips, $7.50 bounty) 
JBGMendes: posts the ante 12
Paulo_Pedros: posts the ante 12
lucashnr11: posts the ante 12
Gabrielfs13: posts the ante 12
blomman5: posts the ante 12
GenteFina93: posts the ante 12
69ruby69: posts the ante 12
Themotion13: posts the ante 12
BonuM2222: posts the ante 12
Themotion13: posts small blind 50
BonuM2222: posts big blind 100
*** HOLE CARDS ***
Dealt to Gabrielfs13 [Qs Kc]
JBGMendes: raises 100 to 200
Paulo_Pedros: folds 
lucashnr11: folds 
Gabrielfs13: calls 200
blomman5: folds 
GenteFina93: folds 
69ruby69: folds 
Themotion13: folds 
BonuM2222: folds 
*** FLOP *** [7s 6s Ts]
JBGMendes: checks 
Gabrielfs13: checks 
*** TURN *** [7s 6s Ts] [Th]
JBGMendes: bets 329
Gabrielfs13: calls 329
*** RIVER *** [7s 6s Ts Th] [5c]
JBGMendes: bets 658
69ruby69 is sitting out
Gabrielfs13: raises 1342 to 2000
JBGMendes: calls 1342
*** SHOW DOWN ***
Gabrielfs13: shows [Qs Kc] (a pair of Tens)
JBGMendes: shows [Js Ks] (a flush, King high)
JBGMendes collected 5316 from pot
*** SUMMARY ***
Total pot 5316 | Rake 0 
Board [7s 6s Ts Th 5c]
Seat 1: JBGMendes showed [Js Ks] and won (5316) with a flush, King high
Seat 2: Paulo_Pedros folded before Flop (didn't bet)
Seat 3: lucashnr11 folded before Flop (didn't bet)
Seat 4: Gabrielfs13 showed [Qs Kc] and lost with a pair of Tens
Seat 5: blomman5 folded before Flop (didn't bet)
Seat 6: GenteFina93 folded before Flop (didn't bet)
Seat 7: 69ruby69 (button) folded before Flop (didn't bet)
Seat 8: Themotion13 (small blind) folded before Flop
Seat 9: BonuM2222 (big blind) folded before Flop



PokerStars Hand #257037331739: Tournament #3910307580, $7.20+$7.50+$1.80 USD Hold'em No Limit - Level IV (60/120) - 2025/07/21 17:01:24 BRT [2025/07/21 16:01:24 ET]
Table '3910307580 7' 9-max Seat #8 is the button
Seat 1: JBGMendes (13138 in chips, $7.50 bounty) 
Seat 2: Paulo_Pedros (17597 in chips, $7.50 bounty) 
Seat 3: lucashnr11 (9952 in chips, $7.50 bounty) 
Seat 4: Gabrielfs13 (7959 in chips, $7.50 bounty) 
Seat 5: blomman5 (9008 in chips, $7.50 bounty) 
Seat 6: GenteFina93 (2710 in chips, $7.50 bounty) 
Seat 7: 69ruby69 (14676 in chips, $11.25 bounty) 
Seat 8: Themotion13 (10795 in chips, $7.50 bounty) 
Seat 9: BonuM2222 (9876 in chips, $7.50 bounty) 
JBGMendes: posts the ante 15
Paulo_Pedros: posts the ante 15
lucashnr11: posts the ante 15
Gabrielfs13: posts the ante 15
blomman5: posts the ante 15
GenteFina93: posts the ante 15
69ruby69: posts the ante 15
Themotion13: posts the ante 15
BonuM2222: posts the ante 15
BonuM2222: posts small blind 60
JBGMendes: posts big blind 120
*** HOLE CARDS ***
Dealt to Gabrielfs13 [Ac 6d]
Paulo_Pedros: folds 
lucashnr11: folds 
Gabrielfs13: folds 
blomman5: folds 
GenteFina93: folds 
69ruby69: folds 
Themotion13: folds 
BonuM2222: raises 300 to 420
JBGMendes: calls 300
*** FLOP *** [Ts 8d 4d]
BonuM2222: checks 
JBGMendes: bets 322
BonuM2222: folds 
Uncalled bet (322) returned to JBGMendes
JBGMendes collected 975 from pot
JBGMendes: doesn't show hand 
*** SUMMARY ***
Total pot 975 | Rake 0 
Board [Ts 8d 4d]
Seat 1: JBGMendes (big blind) collected (975)
Seat 2: Paulo_Pedros folded before Flop (didn't bet)
Seat 3: lucashnr11 folded before Flop (didn't bet)
Seat 4: Gabrielfs13 folded before Flop (didn't bet)
Seat 5: blomman5 folded before Flop (didn't bet)
Seat 6: GenteFina93 folded before Flop (didn't bet)
Seat 7: 69ruby69 folded before Flop (didn't bet)
Seat 8: Themotion13 (button) folded before Flop (didn't bet)
Seat 9: BonuM2222 (small blind) folded on the Flop



PokerStars Hand #257037351973: Tournament #3910307580, $7.20+$7.50+$1.80 USD Hold'em No Limit - Level IV (60/120) - 2025/07/21 17:02:48 BRT [2025/07/21 16:02:48 ET]
Table '3910307580 7' 9-max Seat #9 is the button
Seat 1: JBGMendes (13678 in chips, $7.50 bounty) 
Seat 2: Paulo_Pedros (17582 in chips, $7.50 bounty) 
Seat 3: lucashnr11 (9937 in chips, $7.50 bounty) 
Seat 4: Gabrielfs13 (7944 in chips, $7.50 bounty) 
Seat 5: blomman5 (8993 in chips, $7.50 bounty) 
Seat 6: GenteFina93 (2695 in chips, $7.50 bounty) 
Seat 7: 69ruby69 (14661 in chips, $11.25 bounty) 
Seat 8: Themotion13 (10780 in chips, $7.50 bounty) 
Seat 9: BonuM2222 (9441 in chips, $7.50 bounty) 
JBGMendes: posts the ante 15
Paulo_Pedros: posts the ante 15
lucashnr11: posts the ante 15
Gabrielfs13: posts the ante 15
blomman5: posts the ante 15
GenteFina93: posts the ante 15
69ruby69: posts the ante 15
Themotion13: posts the ante 15
BonuM2222: posts the ante 15
JBGMendes: posts small blind 60
Paulo_Pedros: posts big blind 120
*** HOLE CARDS ***
Dealt to Gabrielfs13 [2h Tc]
lucashnr11: folds 
Gabrielfs13: folds 
blomman5: raises 120 to 240
GenteFina93: folds 
69ruby69: folds 
Themotion13: folds 
BonuM2222: calls 240
JBGMendes: folds 
Paulo_Pedros: calls 120
*** FLOP *** [Ac 6d 3s]
Paulo_Pedros: checks 
blomman5: bets 275
BonuM2222: raises 565 to 840
Paulo_Pedros: folds 
blomman5: calls 565
*** TURN *** [Ac 6d 3s] [6s]
blomman5: checks 
BonuM2222: bets 856
blomman5: calls 856
*** RIVER *** [Ac 6d 3s 6s] [Qd]
blomman5: checks 
BonuM2222: bets 7490 and is all-in
blomman5: folds 
Uncalled bet (7490) returned to BonuM2222
BonuM2222 collected 4307 from pot
BonuM2222: doesn't show hand 
*** SUMMARY ***
Total pot 4307 | Rake 0 
Board [Ac 6d 3s 6s Qd]
Seat 1: JBGMendes (small blind) folded before Flop
Seat 2: Paulo_Pedros (big blind) folded on the Flop
Seat 3: lucashnr11 folded before Flop (didn't bet)
Seat 4: Gabrielfs13 folded before Flop (didn't bet)
Seat 5: blomman5 folded on the River
Seat 6: GenteFina93 folded before Flop (didn't bet)
Seat 7: 69ruby69 folded before Flop (didn't bet)
Seat 8: Themotion13 folded before Flop (didn't bet)
Seat 9: BonuM2222 (button) collected (4307)



PokerStars Hand #257037385926: Tournament #3910307580, $7.20+$7.50+$1.80 USD Hold'em No Limit - Level IV (60/120) - 2025/07/21 17:05:07 BRT [2025/07/21 16:05:07 ET]
Table '3910307580 7' 9-max Seat #1 is the button
Seat 1: JBGMendes (13603 in chips, $7.50 bounty) 
Seat 2: Paulo_Pedros (17327 in chips, $7.50 bounty) 
Seat 3: lucashnr11 (9922 in chips, $7.50 bounty) 
Seat 4: Gabrielfs13 (7929 in chips, $7.50 bounty) 
Seat 5: blomman5 (7042 in chips, $7.50 bounty) 
Seat 6: GenteFina93 (2680 in chips, $7.50 bounty) 
Seat 7: 69ruby69 (14646 in chips, $11.25 bounty) 
Seat 8: Themotion13 (10765 in chips, $7.50 bounty) 
Seat 9: BonuM2222 (11797 in chips, $7.50 bounty) 
JBGMendes: posts the ante 15
Paulo_Pedros: posts the ante 15
lucashnr11: posts the ante 15
Gabrielfs13: posts the ante 15
blomman5: posts the ante 15
GenteFina93: posts the ante 15
69ruby69: posts the ante 15
Themotion13: posts the ante 15
BonuM2222: posts the ante 15
Paulo_Pedros: posts small blind 60
lucashnr11: posts big blind 120
*** HOLE CARDS ***
Dealt to Gabrielfs13 [Kh 6d]
Gabrielfs13: folds 
blomman5: folds 
GenteFina93: folds 
69ruby69: folds 
Themotion13: folds 
BonuM2222: raises 144 to 264
JBGMendes: folds 
Paulo_Pedros: raises 903 to 1167
lucashnr11: folds 
BonuM2222: folds 
Uncalled bet (903) returned to Paulo_Pedros
Paulo_Pedros collected 783 from pot
*** SUMMARY ***
Total pot 783 | Rake 0 
Seat 1: JBGMendes (button) folded before Flop (didn't bet)
Seat 2: Paulo_Pedros (small blind) collected (783)
Seat 3: lucashnr11 (big blind) folded before Flop
Seat 4: Gabrielfs13 folded before Flop (didn't bet)
Seat 5: blomman5 folded before Flop (didn't bet)
Seat 6: GenteFina93 folded before Flop (didn't bet)
Seat 7: 69ruby69 folded before Flop (didn't bet)
Seat 8: Themotion13 folded before Flop (didn't bet)
Seat 9: BonuM2222 folded before Flop



PokerStars Hand #257037397963: Tournament #3910307580, $7.20+$7.50+$1.80 USD Hold'em No Limit - Level IV (60/120) - 2025/07/21 17:05:56 BRT [2025/07/21 16:05:56 ET]
Table '3910307580 7' 9-max Seat #2 is the button
Seat 1: JBGMendes (13588 in chips, $7.50 bounty) 
Seat 2: Paulo_Pedros (17831 in chips, $7.50 bounty) 
Seat 3: lucashnr11 (9787 in chips, $7.50 bounty) 
Seat 4: Gabrielfs13 (7914 in chips, $7.50 bounty) 
Seat 5: blomman5 (7027 in chips, $7.50 bounty) 
Seat 6: GenteFina93 (2665 in chips, $7.50 bounty) 
Seat 7: 69ruby69 (14631 in chips, $11.25 bounty) 
Seat 8: Themotion13 (10750 in chips, $7.50 bounty) 
Seat 9: BonuM2222 (11518 in chips, $7.50 bounty) 
JBGMendes: posts the ante 15
Paulo_Pedros: posts the ante 15
lucashnr11: posts the ante 15
Gabrielfs13: posts the ante 15
blomman5: posts the ante 15
GenteFina93: posts the ante 15
69ruby69: posts the ante 15
Themotion13: posts the ante 15
BonuM2222: posts the ante 15
lucashnr11: posts small blind 60
Gabrielfs13: posts big blind 120
*** HOLE CARDS ***
Dealt to Gabrielfs13 [3h 8s]
blomman5: folds 
GenteFina93: raises 120 to 240
69ruby69: folds 
Themotion13: folds 
BonuM2222: folds 
JBGMendes: folds 
Paulo_Pedros: folds 
lucashnr11: folds 
Gabrielfs13: folds 
Uncalled bet (120) returned to GenteFina93
GenteFina93 collected 435 from pot
GenteFina93: doesn't show hand 
*** SUMMARY ***
Total pot 435 | Rake 0 
Seat 1: JBGMendes folded before Flop (didn't bet)
Seat 2: Paulo_Pedros (button) folded before Flop (didn't bet)
Seat 3: lucashnr11 (small blind) folded before Flop
Seat 4: Gabrielfs13 (big blind) folded before Flop
Seat 5: blomman5 folded before Flop (didn't bet)
Seat 6: GenteFina93 collected (435)
Seat 7: 69ruby69 folded before Flop (didn't bet)
Seat 8: Themotion13 folded before Flop (didn't bet)
Seat 9: BonuM2222 folded before Flop (didn't bet)



PokerStars Hand #257037405922: Tournament #3910307580, $7.20+$7.50+$1.80 USD Hold'em No Limit - Level IV (60/120) - 2025/07/21 17:06:29 BRT [2025/07/21 16:06:29 ET]
Table '3910307580 7' 9-max Seat #3 is the button
Seat 1: JBGMendes (13573 in chips, $7.50 bounty) 
Seat 2: Paulo_Pedros (17816 in chips, $7.50 bounty) 
Seat 3: lucashnr11 (9712 in chips, $7.50 bounty) 
Seat 4: Gabrielfs13 (7779 in chips, $7.50 bounty) 
Seat 5: blomman5 (7012 in chips, $7.50 bounty) 
Seat 6: GenteFina93 (2965 in chips, $7.50 bounty) 
Seat 7: 69ruby69 (14616 in chips, $11.25 bounty) 
Seat 8: Themotion13 (10735 in chips, $7.50 bounty) 
Seat 9: BonuM2222 (11503 in chips, $7.50 bounty) 
JBGMendes: posts the ante 15
Paulo_Pedros: posts the ante 15
lucashnr11: posts the ante 15
Gabrielfs13: posts the ante 15
blomman5: posts the ante 15
GenteFina93: posts the ante 15
69ruby69: posts the ante 15
Themotion13: posts the ante 15
BonuM2222: posts the ante 15
Gabrielfs13: posts small blind 60
blomman5: posts big blind 120
*** HOLE CARDS ***
Dealt to Gabrielfs13 [Tc 3h]
GenteFina93: folds 
69ruby69: folds 
Themotion13: folds 
BonuM2222: raises 144 to 264
JBGMendes: folds 
Paulo_Pedros: folds 
lucashnr11: folds 
Gabrielfs13: folds 
blomman5: folds 
Uncalled bet (144) returned to BonuM2222
BonuM2222 collected 435 from pot
BonuM2222: doesn't show hand 
*** SUMMARY ***
Total pot 435 | Rake 0 
Seat 1: JBGMendes folded before Flop (didn't bet)
Seat 2: Paulo_Pedros folded before Flop (didn't bet)
Seat 3: lucashnr11 (button) folded before Flop (didn't bet)
Seat 4: Gabrielfs13 (small blind) folded before Flop
Seat 5: blomman5 (big blind) folded before Flop
Seat 6: GenteFina93 folded before Flop (didn't bet)
Seat 7: 69ruby69 folded before Flop (didn't bet)
Seat 8: Themotion13 folded before Flop (didn't bet)
Seat 9: BonuM2222 collected (435)



PokerStars Hand #257037413055: Tournament #3910307580, $7.20+$7.50+$1.80 USD Hold'em No Limit - Level IV (60/120) - 2025/07/21 17:06:59 BRT [2025/07/21 16:06:59 ET]
Table '3910307580 7' 9-max Seat #4 is the button
Seat 1: JBGMendes (13558 in chips, $7.50 bounty) 
Seat 2: Paulo_Pedros (17801 in chips, $7.50 bounty) 
Seat 3: lucashnr11 (9697 in chips, $7.50 bounty) 
Seat 4: Gabrielfs13 (7704 in chips, $7.50 bounty) 
Seat 5: blomman5 (6877 in chips, $7.50 bounty) 
Seat 6: GenteFina93 (2950 in chips, $7.50 bounty) 
Seat 7: 69ruby69 (14601 in chips, $11.25 bounty) 
Seat 8: Themotion13 (10720 in chips, $7.50 bounty) 
Seat 9: BonuM2222 (11803 in chips, $7.50 bounty) 
JBGMendes: posts the ante 15
Paulo_Pedros: posts the ante 15
lucashnr11: posts the ante 15
Gabrielfs13: posts the ante 15
blomman5: posts the ante 15
GenteFina93: posts the ante 15
69ruby69: posts the ante 15
Themotion13: posts the ante 15
BonuM2222: posts the ante 15
blomman5: posts small blind 60
GenteFina93: posts big blind 120
*** HOLE CARDS ***
Dealt to Gabrielfs13 [2d Qh]
69ruby69: calls 120
Themotion13: folds 
BonuM2222: folds 
JBGMendes: folds 
Paulo_Pedros: folds 
lucashnr11: folds 
Gabrielfs13: folds 
blomman5: folds 
GenteFina93: checks 
*** FLOP *** [5s 8c 3d]
GenteFina93: checks 
69ruby69: checks 
*** TURN *** [5s 8c 3d] [8h]
GenteFina93: bets 144
69ruby69: calls 144
*** RIVER *** [5s 8c 3d 8h] [4d]
GenteFina93: bets 145
69ruby69: raises 14177 to 14322 and is all-in
GenteFina93: folds 
Uncalled bet (14177) returned to 69ruby69
69ruby69 collected 1013 from pot
69ruby69: doesn't show hand 
*** SUMMARY ***
Total pot 1013 | Rake 0 
Board [5s 8c 3d 8h 4d]
Seat 1: JBGMendes folded before Flop (didn't bet)
Seat 2: Paulo_Pedros folded before Flop (didn't bet)
Seat 3: lucashnr11 folded before Flop (didn't bet)
Seat 4: Gabrielfs13 (button) folded before Flop (didn't bet)
Seat 5: blomman5 (small blind) folded before Flop
Seat 6: GenteFina93 (big blind) folded on the River
Seat 7: 69ruby69 collected (1013)
Seat 8: Themotion13 folded before Flop (didn't bet)
Seat 9: BonuM2222 folded before Flop (didn't bet)



PokerStars Hand #257037427291: Tournament #3910307580, $7.20+$7.50+$1.80 USD Hold'em No Limit - Level IV (60/120) - 2025/07/21 17:07:57 BRT [2025/07/21 16:07:57 ET]
Table '3910307580 7' 9-max Seat #5 is the button
Seat 1: JBGMendes (13543 in chips, $7.50 bounty) 
Seat 2: Paulo_Pedros (17786 in chips, $7.50 bounty) 
Seat 3: lucashnr11 (9682 in chips, $7.50 bounty) 
Seat 4: Gabrielfs13 (7689 in chips, $7.50 bounty) 
Seat 5: blomman5 (6802 in chips, $7.50 bounty) 
Seat 6: GenteFina93 (2526 in chips, $7.50 bounty) 
Seat 7: 69ruby69 (15190 in chips, $11.25 bounty) 
Seat 8: Themotion13 (10705 in chips, $7.50 bounty) 
Seat 9: BonuM2222 (11788 in chips, $7.50 bounty) 
JBGMendes: posts the ante 15
Paulo_Pedros: posts the ante 15
lucashnr11: posts the ante 15
Gabrielfs13: posts the ante 15
blomman5: posts the ante 15
GenteFina93: posts the ante 15
69ruby69: posts the ante 15
Themotion13: posts the ante 15
BonuM2222: posts the ante 15
GenteFina93: posts small blind 60
69ruby69: posts big blind 120
*** HOLE CARDS ***
Dealt to Gabrielfs13 [9s Ad]
Themotion13: folds 
BonuM2222: raises 144 to 264
JBGMendes: folds 
Paulo_Pedros: calls 264
lucashnr11: folds 
Gabrielfs13 has timed out
Gabrielfs13: folds 
Gabrielfs13 is sitting out
blomman5: folds 
GenteFina93: folds 
69ruby69: calls 144
*** FLOP *** [6h 9h Kh]
Gabrielfs13 has returned
69ruby69: bets 14911 and is all-in
BonuM2222: folds 
Paulo_Pedros: calls 14911
*** TURN *** [6h 9h Kh] [7d]
*** RIVER *** [6h 9h Kh 7d] [Qh]
*** SHOW DOWN ***
69ruby69: shows [Qc Kc] (two pair, Kings and Queens)
Paulo_Pedros: shows [6s 6d] (three of a kind, Sixes)
Paulo_Pedros collected 30809 from pot
Paulo_Pedros wins $5.63 for eliminating 69ruby69 and their own bounty increases by $5.62 to $13.12
69ruby69 finished the tournament
*** SUMMARY ***
Total pot 30809 | Rake 0 
Board [6h 9h Kh 7d Qh]
Seat 1: JBGMendes folded before Flop (didn't bet)
Seat 2: Paulo_Pedros showed [6s 6d] and won (30809) with three of a kind, Sixes
Seat 3: lucashnr11 folded before Flop (didn't bet)
Seat 4: Gabrielfs13 folded before Flop (didn't bet)
Seat 5: blomman5 (button) folded before Flop (didn't bet)
Seat 6: GenteFina93 (small blind) folded before Flop
Seat 7: 69ruby69 (big blind) showed [Qc Kc] and lost with two pair, Kings and Queens
Seat 8: Themotion13 folded before Flop (didn't bet)
Seat 9: BonuM2222 folded on the Flop



PokerStars Hand #257037443926: Tournament #3910307580, $7.20+$7.50+$1.80 USD Hold'em No Limit - Level IV (60/120) - 2025/07/21 17:09:06 BRT [2025/07/21 16:09:06 ET]
Table '3910307580 7' 9-max Seat #6 is the button
Seat 1: JBGMendes (13528 in chips, $7.50 bounty) 
Seat 2: Paulo_Pedros (33405 in chips, $13.12 bounty) 
Seat 3: lucashnr11 (9667 in chips, $7.50 bounty) 
Seat 4: Gabrielfs13 (7674 in chips, $7.50 bounty) 
Seat 5: blomman5 (6787 in chips, $7.50 bounty) 
Seat 6: GenteFina93 (2451 in chips, $7.50 bounty) 
Seat 8: Themotion13 (10690 in chips, $7.50 bounty) 
Seat 9: BonuM2222 (11509 in chips, $7.50 bounty) 
JBGMendes: posts the ante 15
Paulo_Pedros: posts the ante 15
lucashnr11: posts the ante 15
Gabrielfs13: posts the ante 15
blomman5: posts the ante 15
GenteFina93: posts the ante 15
Themotion13: posts the ante 15
BonuM2222: posts the ante 15
Themotion13: posts small blind 60
BonuM2222: posts big blind 120
*** HOLE CARDS ***
Dealt to Gabrielfs13 [9s Ac]
JBGMendes: folds 
Paulo_Pedros: folds 
lucashnr11: raises 120 to 240
Gabrielfs13: folds 
blomman5: calls 240
GenteFina93: folds 
Themotion13: calls 180
BonuM2222: raises 1200 to 1440
lucashnr11: raises 8212 to 9652 and is all-in
blomman5: calls 6532 and is all-in
Themotion13: folds 
BonuM2222: folds 
Uncalled bet (2880) returned to lucashnr11
*** FLOP *** [5c Th 4h]
*** TURN *** [5c Th 4h] [2c]
*** RIVER *** [5c Th 4h 2c] [Qd]
*** SHOW DOWN ***
lucashnr11: shows [Kh Kd] (a pair of Kings)
blomman5: shows [Qc As] (a pair of Queens)
lucashnr11 collected 15344 from pot
lucashnr11 wins $3.75 for eliminating blomman5 and their own bounty increases by $3.75 to $11.25
blomman5 finished the tournament
*** SUMMARY ***
Total pot 15344 | Rake 0 
Board [5c Th 4h 2c Qd]
Seat 1: JBGMendes folded before Flop (didn't bet)
Seat 2: Paulo_Pedros folded before Flop (didn't bet)
Seat 3: lucashnr11 showed [Kh Kd] and won (15344) with a pair of Kings
Seat 4: Gabrielfs13 folded before Flop (didn't bet)
Seat 5: blomman5 showed [Qc As] and lost with a pair of Queens
Seat 6: GenteFina93 (button) folded before Flop (didn't bet)
Seat 8: Themotion13 (small blind) folded before Flop
Seat 9: BonuM2222 (big blind) folded before Flop



PokerStars Hand #257037465171: Tournament #3910307580, $7.20+$7.50+$1.80 USD Hold'em No Limit - Level IV (60/120) - 2025/07/21 17:10:34 BRT [2025/07/21 16:10:34 ET]
Table '3910307580 7' 9-max Seat #8 is the button
Seat 1: JBGMendes (13513 in chips, $7.50 bounty) 
Seat 2: Paulo_Pedros (33390 in chips, $13.12 bounty) 
Seat 3: lucashnr11 (18224 in chips, $11.25 bounty) 
Seat 4: Gabrielfs13 (7659 in chips, $7.50 bounty) 
Seat 6: GenteFina93 (2436 in chips, $7.50 bounty) 
Seat 8: Themotion13 (10435 in chips, $7.50 bounty) 
Seat 9: BonuM2222 (10054 in chips, $7.50 bounty) 
JBGMendes: posts the ante 15
Paulo_Pedros: posts the ante 15
lucashnr11: posts the ante 15
Gabrielfs13: posts the ante 15
GenteFina93: posts the ante 15
Themotion13: posts the ante 15
BonuM2222: posts the ante 15
BonuM2222: posts small blind 60
JBGMendes: posts big blind 120
*** HOLE CARDS ***
Dealt to Gabrielfs13 [6s Ks]
blomman5 is disconnected 
Paulo_Pedros: folds 
lucashnr11: raises 120 to 240
kevindelucci is disconnected 
Gabrielfs13: folds 
GenteFina93: folds 
Themotion13: folds 
BonuM2222: folds 
JBGMendes: folds 
Uncalled bet (120) returned to lucashnr11
lucashnr11 collected 405 from pot
lucashnr11: doesn't show hand 
*** SUMMARY ***
Total pot 405 | Rake 0 
Seat 1: JBGMendes (big blind) folded before Flop
Seat 2: Paulo_Pedros folded before Flop (didn't bet)
Seat 3: lucashnr11 collected (405)
Seat 4: Gabrielfs13 folded before Flop (didn't bet)
Seat 6: GenteFina93 folded before Flop (didn't bet)
Seat 8: Themotion13 (button) folded before Flop (didn't bet)
Seat 9: BonuM2222 (small blind) folded before Flop



PokerStars Hand #257037476240: Tournament #3910307580, $7.20+$7.50+$1.80 USD Hold'em No Limit - Level V (75/150) - 2025/07/21 17:11:19 BRT [2025/07/21 16:11:19 ET]
Table '3910307580 7' 9-max Seat #9 is the button
Seat 1: JBGMendes (13378 in chips, $7.50 bounty) 
Seat 3: lucashnr11 (18494 in chips, $11.25 bounty) 
Seat 4: Gabrielfs13 (7644 in chips, $7.50 bounty) 
Seat 5: blomman5 (10000 in chips, $7.50 bounty) 
Seat 6: GenteFina93 (2421 in chips, $7.50 bounty) 
Seat 7: kevindelucci (10000 in chips, $7.50 bounty) 
Seat 8: Themotion13 (10420 in chips, $7.50 bounty) 
Seat 9: BonuM2222 (9979 in chips, $7.50 bounty) 
JBGMendes: posts the ante 20
lucashnr11: posts the ante 20
Gabrielfs13: posts the ante 20
blomman5: posts the ante 20
GenteFina93: posts the ante 20
kevindelucci: posts the ante 20
Themotion13: posts the ante 20
BonuM2222: posts the ante 20
JBGMendes: posts small blind 75
lucashnr11: posts big blind 150
*** HOLE CARDS ***
Dealt to Gabrielfs13 [Ts Kh]
Gabrielfs13: folds 
blomman5: raises 150 to 300
GenteFina93: folds 
kevindelucci: folds 
Themotion13: folds 
BonuM2222: folds 
JBGMendes: calls 225
lucashnr11: calls 150
*** FLOP *** [9c 8c 8d]
JBGMendes: checks 
lucashnr11: checks 
blomman5: bets 318
JBGMendes: calls 318
lucashnr11: folds 
*** TURN *** [9c 8c 8d] [7h]
JBGMendes: checks 
blomman5: checks 
*** RIVER *** [9c 8c 8d 7h] [Kc]
JBGMendes: checks 
blomman5: checks 
*** SHOW DOWN ***
JBGMendes: shows [7d Kd] (two pair, Kings and Eights)
blomman5: mucks hand 
JBGMendes collected 1696 from pot
*** SUMMARY ***
Total pot 1696 | Rake 0 
Board [9c 8c 8d 7h Kc]
Seat 1: JBGMendes (small blind) showed [7d Kd] and won (1696) with two pair, Kings and Eights
Seat 3: lucashnr11 (big blind) folded on the Flop
Seat 4: Gabrielfs13 folded before Flop (didn't bet)
Seat 5: blomman5 mucked [5d 5s]
Seat 6: GenteFina93 folded before Flop (didn't bet)
Seat 7: kevindelucci folded before Flop (didn't bet)
Seat 8: Themotion13 folded before Flop (didn't bet)
Seat 9: BonuM2222 (button) folded before Flop (didn't bet)



PokerStars Hand #257037497217: Tournament #3910307580, $7.20+$7.50+$1.80 USD Hold'em No Limit - Level V (75/150) - 2025/07/21 17:12:46 BRT [2025/07/21 16:12:46 ET]
Table '3910307580 7' 9-max Seat #1 is the button
Seat 1: JBGMendes (14436 in chips, $7.50 bounty) 
Seat 3: lucashnr11 (18174 in chips, $11.25 bounty) 
Seat 4: Gabrielfs13 (7624 in chips, $7.50 bounty) 
Seat 5: blomman5 (9362 in chips, $7.50 bounty) 
Seat 6: GenteFina93 (2401 in chips, $7.50 bounty) 
Seat 7: kevindelucci (9980 in chips, $7.50 bounty) 
Seat 8: Themotion13 (10400 in chips, $7.50 bounty) 
Seat 9: BonuM2222 (9959 in chips, $7.50 bounty) 
JBGMendes: posts the ante 20
lucashnr11: posts the ante 20
Gabrielfs13: posts the ante 20
blomman5: posts the ante 20
GenteFina93: posts the ante 20
kevindelucci: posts the ante 20
Themotion13: posts the ante 20
BonuM2222: posts the ante 20
lucashnr11: posts small blind 75
Gabrielfs13: posts big blind 150
*** HOLE CARDS ***
Dealt to Gabrielfs13 [9d Jc]
blomman5: folds 
GenteFina93: folds 
kevindelucci: folds 
Themotion13: folds 
BonuM2222: folds 
JBGMendes: raises 150 to 300
lucashnr11: folds 
Gabrielfs13: calls 150
*** FLOP *** [Ah 8d 5d]
Gabrielfs13: checks 
JBGMendes: bets 276
Gabrielfs13: raises 624 to 900
JBGMendes: calls 624
*** TURN *** [Ah 8d 5d] [8h]
Gabrielfs13: checks 
JBGMendes: bets 1500
Gabrielfs13: raises 1500 to 3000
JBGMendes: calls 1500
*** RIVER *** [Ah 8d 5d 8h] [Qh]
Gabrielfs13: bets 3404 and is all-in
JBGMendes: calls 3404
*** SHOW DOWN ***
Gabrielfs13: shows [9d Jc] (a pair of Eights)
JBGMendes: shows [8s Ks] (three of a kind, Eights)
JBGMendes collected 15443 from pot
JBGMendes wins $3.75 for eliminating Gabrielfs13 and their own bounty increases by $3.75 to $11.25
Gabrielfs13 finished the tournament
*** SUMMARY ***
Total pot 15443 | Rake 0 
Board [Ah 8d 5d 8h Qh]
Seat 1: JBGMendes (button) showed [8s Ks] and won (15443) with three of a kind, Eights
Seat 3: lucashnr11 (small blind) folded before Flop
Seat 4: Gabrielfs13 (big blind) showed [9d Jc] and lost with a pair of Eights
Seat 5: blomman5 folded before Flop (didn't bet)
Seat 6: GenteFina93 folded before Flop (didn't bet)
Seat 7: kevindelucci folded before Flop (didn't bet)
Seat 8: Themotion13 folded before Flop (didn't bet)
Seat 9: BonuM2222 folded before Flop (didn't bet)



