PokerStars Hand #257086607616: Tournament #3911959428, $7.20+$7.50+$1.80 USD Hold'em No Limit - Level II (40/80) - 2025/07/25 16:43:28 BRT [2025/07/25 15:43:28 ET]
Table '3911959428 10' 9-max Seat #3 is the button
Seat 1: w4lker22 (9307 in chips, $7.50 bounty) 
Seat 2: fred_vasco (11461 in chips, $7.50 bounty) 
Seat 3: Whoizhe2 (9520 in chips, $7.50 bounty) 
Seat 4: Isildur7777 (11005 in chips, $7.50 bounty) 
Seat 5: hareman_lip (10074 in chips, $7.50 bounty) 
Seat 6: 59acesannie (8574 in chips, $7.50 bounty) 
Seat 7: kose16 (10144 in chips, $7.50 bounty) 
Seat 8: yid46 (10244 in chips, $7.50 bounty) 
Seat 9: Gabrielfs13 (10000 in chips, $7.50 bounty) 
w4lker22: posts the ante 10
fred_vasco: posts the ante 10
Whoizhe2: posts the ante 10
Isildur7777: posts the ante 10
hareman_lip: posts the ante 10
59acesannie: posts the ante 10
kose16: posts the ante 10
yid46: posts the ante 10
Gabrielfs13: posts the ante 10
Isildur7777: posts small blind 40
hareman_lip: posts big blind 80
*** HOLE CARDS ***
Dealt to Gabrielfs13 [9s 7h]
59acesannie: folds 
kose16: folds 
yid46: raises 160 to 240
Gabrielfs13: folds 
w4lker22: folds 
fred_vasco: folds 
Whoizhe2: folds 
Isildur7777: folds 
hareman_lip: folds 
Uncalled bet (160) returned to yid46
yid46 collected 290 from pot
yid46: doesn't show hand 
*** SUMMARY ***
Total pot 290 | Rake 0 
Seat 1: w4lker22 folded before Flop (didn't bet)
Seat 2: fred_vasco folded before Flop (didn't bet)
Seat 3: Whoizhe2 (button) folded before Flop (didn't bet)
Seat 4: Isildur7777 (small blind) folded before Flop
Seat 5: hareman_lip (big blind) folded before Flop
Seat 6: 59acesannie folded before Flop (didn't bet)
Seat 7: kose16 folded before Flop (didn't bet)
Seat 8: yid46 collected (290)
Seat 9: Gabrielfs13 folded before Flop (didn't bet)



PokerStars Hand #257086618225: Tournament #3911959428, $7.20+$7.50+$1.80 USD Hold'em No Limit - Level II (40/80) - 2025/07/25 16:44:14 BRT [2025/07/25 15:44:14 ET]
Table '3911959428 10' 9-max Seat #4 is the button
Seat 1: w4lker22 (9297 in chips, $7.50 bounty) 
Seat 2: fred_vasco (11451 in chips, $7.50 bounty) 
Seat 3: Whoizhe2 (9510 in chips, $7.50 bounty) 
Seat 4: Isildur7777 (10955 in chips, $7.50 bounty) 
Seat 5: hareman_lip (9984 in chips, $7.50 bounty) 
Seat 6: 59acesannie (8564 in chips, $7.50 bounty) 
Seat 7: kose16 (10134 in chips, $7.50 bounty) 
Seat 8: yid46 (10444 in chips, $7.50 bounty) 
Seat 9: Gabrielfs13 (9990 in chips, $7.50 bounty) 
w4lker22: posts the ante 10
fred_vasco: posts the ante 10
Whoizhe2: posts the ante 10
Isildur7777: posts the ante 10
hareman_lip: posts the ante 10
59acesannie: posts the ante 10
kose16: posts the ante 10
yid46: posts the ante 10
Gabrielfs13: posts the ante 10
hareman_lip: posts small blind 40
59acesannie: posts big blind 80
*** HOLE CARDS ***
Dealt to Gabrielfs13 [Qh 8d]
kose16: folds 
yid46: folds 
Gabrielfs13: folds 
w4lker22: folds 
fred_vasco: raises 96 to 176
Whoizhe2: folds 
Isildur7777: folds 
hareman_lip: folds 
59acesannie: folds 
Uncalled bet (96) returned to fred_vasco
fred_vasco collected 290 from pot
fred_vasco: doesn't show hand 
*** SUMMARY ***
Total pot 290 | Rake 0 
Seat 1: w4lker22 folded before Flop (didn't bet)
Seat 2: fred_vasco collected (290)
Seat 3: Whoizhe2 folded before Flop (didn't bet)
Seat 4: Isildur7777 (button) folded before Flop (didn't bet)
Seat 5: hareman_lip (small blind) folded before Flop
Seat 6: 59acesannie (big blind) folded before Flop
Seat 7: kose16 folded before Flop (didn't bet)
Seat 8: yid46 folded before Flop (didn't bet)
Seat 9: Gabrielfs13 folded before Flop (didn't bet)



PokerStars Hand #257086627930: Tournament #3911959428, $7.20+$7.50+$1.80 USD Hold'em No Limit - Level II (40/80) - 2025/07/25 16:44:56 BRT [2025/07/25 15:44:56 ET]
Table '3911959428 10' 9-max Seat #5 is the button
Seat 1: w4lker22 (9287 in chips, $7.50 bounty) 
Seat 2: fred_vasco (11651 in chips, $7.50 bounty) 
Seat 3: Whoizhe2 (9500 in chips, $7.50 bounty) 
Seat 4: Isildur7777 (10945 in chips, $7.50 bounty) 
Seat 5: hareman_lip (9934 in chips, $7.50 bounty) 
Seat 6: 59acesannie (8474 in chips, $7.50 bounty) 
Seat 7: kose16 (10124 in chips, $7.50 bounty) 
Seat 8: yid46 (10434 in chips, $7.50 bounty) 
Seat 9: Gabrielfs13 (9980 in chips, $7.50 bounty) 
w4lker22: posts the ante 10
fred_vasco: posts the ante 10
Whoizhe2: posts the ante 10
Isildur7777: posts the ante 10
hareman_lip: posts the ante 10
59acesannie: posts the ante 10
kose16: posts the ante 10
yid46: posts the ante 10
Gabrielfs13: posts the ante 10
59acesannie: posts small blind 40
kose16: posts big blind 80
*** HOLE CARDS ***
Dealt to Gabrielfs13 [3h 6d]
yid46: folds 
Gabrielfs13: folds 
w4lker22: folds 
fred_vasco: folds 
Whoizhe2: folds 
Isildur7777: folds 
hareman_lip: folds 
59acesannie: calls 40
kose16: checks 
*** FLOP *** [8d 6h 2d]
59acesannie: bets 80
kose16: raises 80 to 160
59acesannie: raises 80 to 240
kose16: calls 80
*** TURN *** [8d 6h 2d] [5h]
59acesannie: checks 
kose16: bets 320
59acesannie: calls 320
*** RIVER *** [8d 6h 2d 5h] [4d]
59acesannie: checks 
kose16: bets 480
59acesannie: calls 480
*** SHOW DOWN ***
kose16: shows [9d 7d] (a flush, Nine high)
59acesannie: mucks hand 
kose16 collected 2330 from pot
*** SUMMARY ***
Total pot 2330 | Rake 0 
Board [8d 6h 2d 5h 4d]
Seat 1: w4lker22 folded before Flop (didn't bet)
Seat 2: fred_vasco folded before Flop (didn't bet)
Seat 3: Whoizhe2 folded before Flop (didn't bet)
Seat 4: Isildur7777 folded before Flop (didn't bet)
Seat 5: hareman_lip (button) folded before Flop (didn't bet)
Seat 6: 59acesannie (small blind) mucked [Kd 8c]
Seat 7: kose16 (big blind) showed [9d 7d] and won (2330) with a flush, Nine high
Seat 8: yid46 folded before Flop (didn't bet)
Seat 9: Gabrielfs13 folded before Flop (didn't bet)



PokerStars Hand #257086651624: Tournament #3911959428, $7.20+$7.50+$1.80 USD Hold'em No Limit - Level III (50/100) - 2025/07/25 16:46:39 BRT [2025/07/25 15:46:39 ET]
Table '3911959428 10' 9-max Seat #6 is the button
Seat 1: w4lker22 (9277 in chips, $7.50 bounty) 
Seat 2: fred_vasco (11641 in chips, $7.50 bounty) 
Seat 3: Whoizhe2 (9490 in chips, $7.50 bounty) 
Seat 4: Isildur7777 (10935 in chips, $7.50 bounty) 
Seat 5: hareman_lip (9924 in chips, $7.50 bounty) 
Seat 6: 59acesannie (7344 in chips, $7.50 bounty) 
Seat 7: kose16 (11324 in chips, $7.50 bounty) 
Seat 8: yid46 (10424 in chips, $7.50 bounty) 
Seat 9: Gabrielfs13 (9970 in chips, $7.50 bounty) 
w4lker22: posts the ante 12
fred_vasco: posts the ante 12
Whoizhe2: posts the ante 12
Isildur7777: posts the ante 12
hareman_lip: posts the ante 12
59acesannie: posts the ante 12
kose16: posts the ante 12
yid46: posts the ante 12
Gabrielfs13: posts the ante 12
kose16: posts small blind 50
yid46: posts big blind 100
*** HOLE CARDS ***
Dealt to Gabrielfs13 [Th 3s]
Gabrielfs13: folds 
w4lker22: raises 100 to 200
fred_vasco: raises 600 to 800
Whoizhe2: folds 
Isildur7777: folds 
hareman_lip: folds 
59acesannie: folds 
kose16: folds 
yid46: folds 
w4lker22: calls 600
*** FLOP *** [4d Kh 9h]
w4lker22: checks 
fred_vasco: bets 614
w4lker22: calls 614
*** TURN *** [4d Kh 9h] [7d]
w4lker22: checks 
fred_vasco: bets 2039
w4lker22: calls 2039
*** RIVER *** [4d Kh 9h 7d] [Qd]
w4lker22: checks 
fred_vasco: checks 
*** SHOW DOWN ***
w4lker22: shows [Qc Kc] (two pair, Kings and Queens)
fred_vasco: mucks hand 
w4lker22 collected 7164 from pot
*** SUMMARY ***
Total pot 7164 | Rake 0 
Board [4d Kh 9h 7d Qd]
Seat 1: w4lker22 showed [Qc Kc] and won (7164) with two pair, Kings and Queens
Seat 2: fred_vasco mucked [Kd As]
Seat 3: Whoizhe2 folded before Flop (didn't bet)
Seat 4: Isildur7777 folded before Flop (didn't bet)
Seat 5: hareman_lip folded before Flop (didn't bet)
Seat 6: 59acesannie (button) folded before Flop (didn't bet)
Seat 7: kose16 (small blind) folded before Flop
Seat 8: yid46 (big blind) folded before Flop
Seat 9: Gabrielfs13 folded before Flop (didn't bet)



PokerStars Hand #257086673616: Tournament #3911959428, $7.20+$7.50+$1.80 USD Hold'em No Limit - Level III (50/100) - 2025/07/25 16:48:15 BRT [2025/07/25 15:48:15 ET]
Table '3911959428 10' 9-max Seat #7 is the button
Seat 1: w4lker22 (12976 in chips, $7.50 bounty) 
Seat 2: fred_vasco (8176 in chips, $7.50 bounty) 
Seat 3: Whoizhe2 (9478 in chips, $7.50 bounty) 
Seat 4: Isildur7777 (10923 in chips, $7.50 bounty) 
Seat 5: hareman_lip (9912 in chips, $7.50 bounty) 
Seat 6: 59acesannie (7332 in chips, $7.50 bounty) 
Seat 7: kose16 (11262 in chips, $7.50 bounty) 
Seat 8: yid46 (10312 in chips, $7.50 bounty) 
Seat 9: Gabrielfs13 (9958 in chips, $7.50 bounty) 
w4lker22: posts the ante 12
fred_vasco: posts the ante 12
Whoizhe2: posts the ante 12
Isildur7777: posts the ante 12
hareman_lip: posts the ante 12
59acesannie: posts the ante 12
kose16: posts the ante 12
yid46: posts the ante 12
Gabrielfs13: posts the ante 12
yid46: posts small blind 50
Gabrielfs13: posts big blind 100
*** HOLE CARDS ***
Dealt to Gabrielfs13 [Ks Qs]
w4lker22: folds 
fred_vasco: folds 
Whoizhe2: folds 
Isildur7777: folds 
hareman_lip: raises 100 to 200
59acesannie: folds 
kose16: folds 
yid46: calls 150
Gabrielfs13: raises 800 to 1000
hareman_lip: calls 800
yid46: calls 800
*** FLOP *** [3h Kc 8d]
yid46: checks 
Gabrielfs13: bets 1554
hareman_lip: folds 
yid46: folds 
Uncalled bet (1554) returned to Gabrielfs13
Gabrielfs13 collected 3108 from pot
Gabrielfs13: doesn't show hand 
*** SUMMARY ***
Total pot 3108 | Rake 0 
Board [3h Kc 8d]
Seat 1: w4lker22 folded before Flop (didn't bet)
Seat 2: fred_vasco folded before Flop (didn't bet)
Seat 3: Whoizhe2 folded before Flop (didn't bet)
Seat 4: Isildur7777 folded before Flop (didn't bet)
Seat 5: hareman_lip folded on the Flop
Seat 6: 59acesannie folded before Flop (didn't bet)
Seat 7: kose16 (button) folded before Flop (didn't bet)
Seat 8: yid46 (small blind) folded on the Flop
Seat 9: Gabrielfs13 (big blind) collected (3108)



PokerStars Hand #257086696658: Tournament #3911959428, $7.20+$7.50+$1.80 USD Hold'em No Limit - Level III (50/100) - 2025/07/25 16:49:55 BRT [2025/07/25 15:49:55 ET]
Table '3911959428 10' 9-max Seat #8 is the button
Seat 1: w4lker22 (12964 in chips, $7.50 bounty) 
Seat 2: fred_vasco (8164 in chips, $7.50 bounty) 
Seat 3: Whoizhe2 (9466 in chips, $7.50 bounty) 
Seat 4: Isildur7777 (10911 in chips, $7.50 bounty) 
Seat 5: hareman_lip (8900 in chips, $7.50 bounty) 
Seat 6: 59acesannie (7320 in chips, $7.50 bounty) 
Seat 7: kose16 (11250 in chips, $7.50 bounty) 
Seat 8: yid46 (9300 in chips, $7.50 bounty) 
Seat 9: Gabrielfs13 (12054 in chips, $7.50 bounty) 
w4lker22: posts the ante 12
fred_vasco: posts the ante 12
Whoizhe2: posts the ante 12
Isildur7777: posts the ante 12
hareman_lip: posts the ante 12
59acesannie: posts the ante 12
kose16: posts the ante 12
yid46: posts the ante 12
Gabrielfs13: posts the ante 12
Gabrielfs13: posts small blind 50
w4lker22: posts big blind 100
*** HOLE CARDS ***
Dealt to Gabrielfs13 [6h 5h]
fred_vasco: folds 
Whoizhe2: folds 
Isildur7777: folds 
hareman_lip: folds 
59acesannie: folds 
kose16: folds 
yid46: raises 100 to 200
Gabrielfs13: calls 150
w4lker22: calls 100
*** FLOP *** [2d Jh Kc]
Gabrielfs13: checks 
w4lker22: checks 
yid46: bets 300
Gabrielfs13: folds 
w4lker22: folds 
Uncalled bet (300) returned to yid46
yid46 collected 708 from pot
yid46: doesn't show hand 
*** SUMMARY ***
Total pot 708 | Rake 0 
Board [2d Jh Kc]
Seat 1: w4lker22 (big blind) folded on the Flop
Seat 2: fred_vasco folded before Flop (didn't bet)
Seat 3: Whoizhe2 folded before Flop (didn't bet)
Seat 4: Isildur7777 folded before Flop (didn't bet)
Seat 5: hareman_lip folded before Flop (didn't bet)
Seat 6: 59acesannie folded before Flop (didn't bet)
Seat 7: kose16 folded before Flop (didn't bet)
Seat 8: yid46 (button) collected (708)
Seat 9: Gabrielfs13 (small blind) folded on the Flop



PokerStars Hand #257086707780: Tournament #3911959428, $7.20+$7.50+$1.80 USD Hold'em No Limit - Level III (50/100) - 2025/07/25 16:50:44 BRT [2025/07/25 15:50:44 ET]
Table '3911959428 10' 9-max Seat #9 is the button
Seat 1: w4lker22 (12752 in chips, $7.50 bounty) 
Seat 2: fred_vasco (8152 in chips, $7.50 bounty) 
Seat 3: Whoizhe2 (9454 in chips, $7.50 bounty) 
Seat 4: Isildur7777 (10899 in chips, $7.50 bounty) 
Seat 5: hareman_lip (8888 in chips, $7.50 bounty) 
Seat 6: 59acesannie (7308 in chips, $7.50 bounty) 
Seat 7: kose16 (11238 in chips, $7.50 bounty) 
Seat 8: yid46 (9796 in chips, $7.50 bounty) 
Seat 9: Gabrielfs13 (11842 in chips, $7.50 bounty) 
w4lker22: posts the ante 12
fred_vasco: posts the ante 12
Whoizhe2: posts the ante 12
Isildur7777: posts the ante 12
hareman_lip: posts the ante 12
59acesannie: posts the ante 12
kose16: posts the ante 12
yid46: posts the ante 12
Gabrielfs13: posts the ante 12
w4lker22: posts small blind 50
fred_vasco: posts big blind 100
*** HOLE CARDS ***
Dealt to Gabrielfs13 [8d 3c]
Whoizhe2: calls 100
Isildur7777: folds 
hareman_lip: folds 
59acesannie: calls 100
kose16: folds 
yid46: raises 100 to 200
Gabrielfs13: folds 
w4lker22: raises 1100 to 1300
fred_vasco: folds 
Whoizhe2: folds 
59acesannie: calls 1200
yid46: calls 1100
*** FLOP *** [4h 4d 7d]
w4lker22: bets 1389
59acesannie: calls 1389
yid46: folds 
*** TURN *** [4h 4d 7d] [Ac]
w4lker22: checks 
59acesannie: bets 4607 and is all-in
w4lker22: calls 4607
*** RIVER *** [4h 4d 7d Ac] [Th]
*** SHOW DOWN ***
w4lker22: shows [Kd Ks] (two pair, Kings and Fours)
59acesannie: shows [Kh 9h] (a pair of Fours)
w4lker22 collected 16200 from pot
w4lker22 wins $3.75 for eliminating 59acesannie and their own bounty increases by $3.75 to $11.25
59acesannie finished the tournament
*** SUMMARY ***
Total pot 16200 | Rake 0 
Board [4h 4d 7d Ac Th]
Seat 1: w4lker22 (small blind) showed [Kd Ks] and won (16200) with two pair, Kings and Fours
Seat 2: fred_vasco (big blind) folded before Flop
Seat 3: Whoizhe2 folded before Flop
Seat 4: Isildur7777 folded before Flop (didn't bet)
Seat 5: hareman_lip folded before Flop (didn't bet)
Seat 6: 59acesannie showed [Kh 9h] and lost with a pair of Fours
Seat 7: kose16 folded before Flop (didn't bet)
Seat 8: yid46 folded on the Flop
Seat 9: Gabrielfs13 (button) folded before Flop (didn't bet)



PokerStars Hand #257086727211: Tournament #3911959428, $7.20+$7.50+$1.80 USD Hold'em No Limit - Level III (50/100) - 2025/07/25 16:52:08 BRT [2025/07/25 15:52:08 ET]
Table '3911959428 10' 9-max Seat #1 is the button
Seat 1: w4lker22 (21644 in chips, $11.25 bounty) 
Seat 2: fred_vasco (8040 in chips, $7.50 bounty) 
Seat 3: Whoizhe2 (9342 in chips, $7.50 bounty) 
Seat 4: Isildur7777 (10887 in chips, $7.50 bounty) 
Seat 5: hareman_lip (8876 in chips, $7.50 bounty) 
Seat 7: kose16 (11226 in chips, $7.50 bounty) 
Seat 8: yid46 (8484 in chips, $7.50 bounty) 
Seat 9: Gabrielfs13 (11830 in chips, $7.50 bounty) 
w4lker22: posts the ante 12
fred_vasco: posts the ante 12
Whoizhe2: posts the ante 12
Isildur7777: posts the ante 12
hareman_lip: posts the ante 12
kose16: posts the ante 12
yid46: posts the ante 12
Gabrielfs13: posts the ante 12
fred_vasco: posts small blind 50
Whoizhe2: posts big blind 100
*** HOLE CARDS ***
Dealt to Gabrielfs13 [7c 5c]
WhaLucky is disconnected 
Isildur7777: folds 
hareman_lip: raises 100 to 200
kose16: folds 
yid46: folds 
Gabrielfs13: calls 200
w4lker22: folds 
fred_vasco: folds 
Whoizhe2: folds 
*** FLOP *** [Qd 8h Kd]
hareman_lip: checks 
Gabrielfs13: checks 
*** TURN *** [Qd 8h Kd] [8c]
hareman_lip: bets 213
Gabrielfs13: folds 
Uncalled bet (213) returned to hareman_lip
hareman_lip collected 646 from pot
hareman_lip: doesn't show hand 
*** SUMMARY ***
Total pot 646 | Rake 0 
Board [Qd 8h Kd 8c]
Seat 1: w4lker22 (button) folded before Flop (didn't bet)
Seat 2: fred_vasco (small blind) folded before Flop
Seat 3: Whoizhe2 (big blind) folded before Flop
Seat 4: Isildur7777 folded before Flop (didn't bet)
Seat 5: hareman_lip collected (646)
Seat 7: kose16 folded before Flop (didn't bet)
Seat 8: yid46 folded before Flop (didn't bet)
Seat 9: Gabrielfs13 folded on the Turn



PokerStars Hand #257086753421: Tournament #3911959428, $7.20+$7.50+$1.80 USD Hold'em No Limit - Level III (50/100) - 2025/07/25 16:54:02 BRT [2025/07/25 15:54:02 ET]
Table '3911959428 10' 9-max Seat #2 is the button
Seat 1: w4lker22 (21632 in chips, $11.25 bounty) 
Seat 2: fred_vasco (7978 in chips, $7.50 bounty) 
Seat 3: Whoizhe2 (9230 in chips, $7.50 bounty) 
Seat 4: Isildur7777 (10875 in chips, $7.50 bounty) 
Seat 5: hareman_lip (9310 in chips, $7.50 bounty) 
Seat 6: WhaLucky (10000 in chips, $7.50 bounty) 
Seat 7: kose16 (11214 in chips, $7.50 bounty) 
Seat 8: yid46 (8472 in chips, $7.50 bounty) 
Seat 9: Gabrielfs13 (11618 in chips, $7.50 bounty) 
w4lker22: posts the ante 12
fred_vasco: posts the ante 12
Whoizhe2: posts the ante 12
Isildur7777: posts the ante 12
hareman_lip: posts the ante 12
WhaLucky: posts the ante 12
kose16: posts the ante 12
yid46: posts the ante 12
Gabrielfs13: posts the ante 12
Whoizhe2: posts small blind 50
Isildur7777: posts big blind 100
*** HOLE CARDS ***
Dealt to Gabrielfs13 [Qc 4s]
hareman_lip: folds 
WhaLucky: folds 
kose16: folds 
yid46: folds 
Gabrielfs13: folds 
w4lker22: raises 100 to 200
fred_vasco: folds 
Whoizhe2: folds 
Isildur7777: folds 
Uncalled bet (100) returned to w4lker22
w4lker22 collected 358 from pot
w4lker22: doesn't show hand 
*** SUMMARY ***
Total pot 358 | Rake 0 
Seat 1: w4lker22 collected (358)
Seat 2: fred_vasco (button) folded before Flop (didn't bet)
Seat 3: Whoizhe2 (small blind) folded before Flop
Seat 4: Isildur7777 (big blind) folded before Flop
Seat 5: hareman_lip folded before Flop (didn't bet)
Seat 6: WhaLucky folded before Flop (didn't bet)
Seat 7: kose16 folded before Flop (didn't bet)
Seat 8: yid46 folded before Flop (didn't bet)
Seat 9: Gabrielfs13 folded before Flop (didn't bet)



PokerStars Hand #257086762680: Tournament #3911959428, $7.20+$7.50+$1.80 USD Hold'em No Limit - Level III (50/100) - 2025/07/25 16:54:42 BRT [2025/07/25 15:54:42 ET]
Table '3911959428 10' 9-max Seat #3 is the button
Seat 1: w4lker22 (21878 in chips, $11.25 bounty) 
Seat 2: fred_vasco (7966 in chips, $7.50 bounty) 
Seat 3: Whoizhe2 (9168 in chips, $7.50 bounty) 
Seat 4: Isildur7777 (10763 in chips, $7.50 bounty) 
Seat 5: hareman_lip (9298 in chips, $7.50 bounty) 
Seat 6: WhaLucky (9988 in chips, $7.50 bounty) 
Seat 7: kose16 (11202 in chips, $7.50 bounty) 
Seat 8: yid46 (8460 in chips, $7.50 bounty) 
Seat 9: Gabrielfs13 (11606 in chips, $7.50 bounty) 
w4lker22: posts the ante 12
fred_vasco: posts the ante 12
Whoizhe2: posts the ante 12
Isildur7777: posts the ante 12
hareman_lip: posts the ante 12
WhaLucky: posts the ante 12
kose16: posts the ante 12
yid46: posts the ante 12
Gabrielfs13: posts the ante 12
Isildur7777: posts small blind 50
hareman_lip: posts big blind 100
*** HOLE CARDS ***
Dealt to Gabrielfs13 [3d 5c]
WhaLucky: folds 
kose16: folds 
yid46: raises 100 to 200
Gabrielfs13: folds 
w4lker22: folds 
fred_vasco: raises 500 to 700
Whoizhe2: folds 
Isildur7777: folds 
hareman_lip: folds 
yid46: calls 500
*** FLOP *** [8s Jc 6s]
yid46: checks 
fred_vasco is connected 
fred_vasco is connected 
fred_vasco: bets 548
yid46: folds 
Uncalled bet (548) returned to fred_vasco
fred_vasco collected 1658 from pot
fred_vasco: doesn't show hand 
*** SUMMARY ***
Total pot 1658 | Rake 0 
Board [8s Jc 6s]
Seat 1: w4lker22 folded before Flop (didn't bet)
Seat 2: fred_vasco collected (1658)
Seat 3: Whoizhe2 (button) folded before Flop (didn't bet)
Seat 4: Isildur7777 (small blind) folded before Flop
Seat 5: hareman_lip (big blind) folded before Flop
Seat 6: WhaLucky folded before Flop (didn't bet)
Seat 7: kose16 folded before Flop (didn't bet)
Seat 8: yid46 folded on the Flop
Seat 9: Gabrielfs13 folded before Flop (didn't bet)



PokerStars Hand #257086838238: Tournament #3911959428, $7.20+$7.50+$1.80 USD Hold'em No Limit - Level IV (60/120) - 2025/07/25 17:01:56 BRT [2025/07/25 16:01:56 ET]
Table '3911959428 10' 9-max Seat #4 is the button
Seat 1: w4lker22 (21866 in chips, $11.25 bounty) 
Seat 2: fred_vasco (8912 in chips, $7.50 bounty) 
Seat 3: Whoizhe2 (9156 in chips, $7.50 bounty) 
Seat 4: Isildur7777 (10701 in chips, $7.50 bounty) 
Seat 5: hareman_lip (9186 in chips, $7.50 bounty) 
Seat 6: WhaLucky (9976 in chips, $7.50 bounty) 
Seat 7: kose16 (11190 in chips, $7.50 bounty) 
Seat 8: yid46 (7748 in chips, $7.50 bounty) 
Seat 9: Gabrielfs13 (11594 in chips, $7.50 bounty) 
w4lker22: posts the ante 15
fred_vasco: posts the ante 15
Whoizhe2: posts the ante 15
Isildur7777: posts the ante 15
hareman_lip: posts the ante 15
WhaLucky: posts the ante 15
kose16: posts the ante 15
yid46: posts the ante 15
Gabrielfs13: posts the ante 15
hareman_lip: posts small blind 60
WhaLucky: posts big blind 120
*** HOLE CARDS ***
Dealt to Gabrielfs13 [As Ac]
kose16: folds 
yid46: folds 
Gabrielfs13: raises 120 to 240
w4lker22: folds 
fred_vasco: calls 240
Whoizhe2: folds 
Isildur7777: folds 
hareman_lip: folds 
WhaLucky: folds 
*** FLOP *** [Ah 9s 5s]
Gabrielfs13: checks 
fred_vasco: bets 262
Gabrielfs13: raises 458 to 720
fred_vasco: calls 458
*** TURN *** [Ah 9s 5s] [5c]
Gabrielfs13: bets 1500
fred_vasco: folds 
Uncalled bet (1500) returned to Gabrielfs13
Gabrielfs13 collected 2235 from pot
Gabrielfs13: doesn't show hand 
*** SUMMARY ***
Total pot 2235 | Rake 0 
Board [Ah 9s 5s 5c]
Seat 1: w4lker22 folded before Flop (didn't bet)
Seat 2: fred_vasco folded on the Turn
Seat 3: Whoizhe2 folded before Flop (didn't bet)
Seat 4: Isildur7777 (button) folded before Flop (didn't bet)
Seat 5: hareman_lip (small blind) folded before Flop
Seat 6: WhaLucky (big blind) folded before Flop
Seat 7: kose16 folded before Flop (didn't bet)
Seat 8: yid46 folded before Flop (didn't bet)
Seat 9: Gabrielfs13 collected (2235)



PokerStars Hand #257086862814: Tournament #3911959428, $7.20+$7.50+$1.80 USD Hold'em No Limit - Level IV (60/120) - 2025/07/25 17:03:44 BRT [2025/07/25 16:03:44 ET]
Table '3911959428 10' 9-max Seat #5 is the button
Seat 1: w4lker22 (21851 in chips, $11.25 bounty) 
Seat 2: fred_vasco (7937 in chips, $7.50 bounty) 
Seat 3: Whoizhe2 (9141 in chips, $7.50 bounty) 
Seat 4: Isildur7777 (10686 in chips, $7.50 bounty) 
Seat 5: hareman_lip (9111 in chips, $7.50 bounty) 
Seat 6: WhaLucky (9841 in chips, $7.50 bounty) 
Seat 7: kose16 (11175 in chips, $7.50 bounty) 
Seat 8: yid46 (7733 in chips, $7.50 bounty) 
Seat 9: Gabrielfs13 (12854 in chips, $7.50 bounty) 
w4lker22: posts the ante 15
fred_vasco: posts the ante 15
Whoizhe2: posts the ante 15
Isildur7777: posts the ante 15
hareman_lip: posts the ante 15
WhaLucky: posts the ante 15
kose16: posts the ante 15
yid46: posts the ante 15
Gabrielfs13: posts the ante 15
WhaLucky: posts small blind 60
kose16: posts big blind 120
*** HOLE CARDS ***
Dealt to Gabrielfs13 [6h 4s]
yid46: raises 120 to 240
Gabrielfs13: folds 
w4lker22: raises 480 to 720
fred_vasco: folds 
Whoizhe2: folds 
Isildur7777: folds 
hareman_lip: folds 
WhaLucky: folds 
kose16: folds 
yid46: calls 480
*** FLOP *** [3s 9h Ah]
yid46: checks 
w4lker22: bets 438
yid46: calls 438
*** TURN *** [3s 9h Ah] [4h]
yid46: checks 
w4lker22: checks 
*** RIVER *** [3s 9h Ah 4h] [As]
yid46: bets 2631
w4lker22: calls 2631
*** SHOW DOWN ***
yid46: shows [9d 9s] (a full house, Nines full of Aces)
w4lker22: mucks hand 
yid46 collected 7893 from pot
*** SUMMARY ***
Total pot 7893 | Rake 0 
Board [3s 9h Ah 4h As]
Seat 1: w4lker22 mucked [Td Tc]
Seat 2: fred_vasco folded before Flop (didn't bet)
Seat 3: Whoizhe2 folded before Flop (didn't bet)
Seat 4: Isildur7777 folded before Flop (didn't bet)
Seat 5: hareman_lip (button) folded before Flop (didn't bet)
Seat 6: WhaLucky (small blind) folded before Flop
Seat 7: kose16 (big blind) folded before Flop
Seat 8: yid46 showed [9d 9s] and won (7893) with a full house, Nines full of Aces
Seat 9: Gabrielfs13 folded before Flop (didn't bet)



PokerStars Hand #257086885109: Tournament #3911959428, $7.20+$7.50+$1.80 USD Hold'em No Limit - Level IV (60/120) - 2025/07/25 17:05:19 BRT [2025/07/25 16:05:19 ET]
Table '3911959428 10' 9-max Seat #6 is the button
Seat 1: w4lker22 (18047 in chips, $11.25 bounty) 
Seat 2: fred_vasco (7922 in chips, $7.50 bounty) 
Seat 3: Whoizhe2 (9126 in chips, $7.50 bounty) 
Seat 4: Isildur7777 (10671 in chips, $7.50 bounty) 
Seat 5: hareman_lip (9096 in chips, $7.50 bounty) 
Seat 6: WhaLucky (9766 in chips, $7.50 bounty) 
Seat 7: kose16 (11040 in chips, $7.50 bounty) 
Seat 8: yid46 (11822 in chips, $7.50 bounty) 
Seat 9: Gabrielfs13 (12839 in chips, $7.50 bounty) 
w4lker22: posts the ante 15
fred_vasco: posts the ante 15
Whoizhe2: posts the ante 15
Isildur7777: posts the ante 15
hareman_lip: posts the ante 15
WhaLucky: posts the ante 15
kose16: posts the ante 15
yid46: posts the ante 15
Gabrielfs13: posts the ante 15
kose16: posts small blind 60
yid46: posts big blind 120
*** HOLE CARDS ***
Dealt to Gabrielfs13 [4d 7s]
Gabrielfs13: folds 
w4lker22: raises 120 to 240
fred_vasco: folds 
Whoizhe2: folds 
Isildur7777: folds 
hareman_lip: folds 
WhaLucky: folds 
kose16: calls 180
yid46: folds 
*** FLOP *** [4h Jd Kc]
kose16: checks 
w4lker22: bets 242
kose16: calls 242
*** TURN *** [4h Jd Kc] [2d]
kose16: checks 
w4lker22: bets 1584
kose16: calls 1584
*** RIVER *** [4h Jd Kc 2d] [Jh]
kose16: checks 
w4lker22: checks 
*** SHOW DOWN ***
kose16: shows [Kd Qd] (two pair, Kings and Jacks)
w4lker22: mucks hand 
kose16 collected 4387 from pot
*** SUMMARY ***
Total pot 4387 | Rake 0 
Board [4h Jd Kc 2d Jh]
Seat 1: w4lker22 mucked [Td Ac]
Seat 2: fred_vasco folded before Flop (didn't bet)
Seat 3: Whoizhe2 folded before Flop (didn't bet)
Seat 4: Isildur7777 folded before Flop (didn't bet)
Seat 5: hareman_lip folded before Flop (didn't bet)
Seat 6: WhaLucky (button) folded before Flop (didn't bet)
Seat 7: kose16 (small blind) showed [Kd Qd] and won (4387) with two pair, Kings and Jacks
Seat 8: yid46 (big blind) folded before Flop
Seat 9: Gabrielfs13 folded before Flop (didn't bet)



PokerStars Hand #257086909142: Tournament #3911959428, $7.20+$7.50+$1.80 USD Hold'em No Limit - Level IV (60/120) - 2025/07/25 17:07:03 BRT [2025/07/25 16:07:03 ET]
Table '3911959428 10' 9-max Seat #7 is the button
Seat 1: w4lker22 (15966 in chips, $11.25 bounty) 
Seat 2: fred_vasco (7907 in chips, $7.50 bounty) 
Seat 3: Whoizhe2 (9111 in chips, $7.50 bounty) 
Seat 4: Isildur7777 (10656 in chips, $7.50 bounty) 
Seat 5: hareman_lip (9081 in chips, $7.50 bounty) 
Seat 6: WhaLucky (9751 in chips, $7.50 bounty) 
Seat 7: kose16 (13346 in chips, $7.50 bounty) 
Seat 8: yid46 (11687 in chips, $7.50 bounty) 
Seat 9: Gabrielfs13 (12824 in chips, $7.50 bounty) 
w4lker22: posts the ante 15
fred_vasco: posts the ante 15
Whoizhe2: posts the ante 15
Isildur7777: posts the ante 15
hareman_lip: posts the ante 15
WhaLucky: posts the ante 15
kose16: posts the ante 15
yid46: posts the ante 15
Gabrielfs13: posts the ante 15
yid46: posts small blind 60
Gabrielfs13: posts big blind 120
*** HOLE CARDS ***
Dealt to Gabrielfs13 [9s Th]
w4lker22: folds 
fred_vasco: folds 
Whoizhe2: folds 
Isildur7777: folds 
hareman_lip: folds 
WhaLucky: raises 120 to 240
kose16: folds 
yid46: calls 180
Gabrielfs13: calls 120
*** FLOP *** [9c 8d 6d]
yid46: bets 240
Gabrielfs13: calls 240
WhaLucky: folds 
*** TURN *** [9c 8d 6d] [7h]
yid46: bets 240
Gabrielfs13: raises 1198 to 1438
yid46: folds 
Uncalled bet (1198) returned to Gabrielfs13
Gabrielfs13 collected 1815 from pot
Gabrielfs13: doesn't show hand 
*** SUMMARY ***
Total pot 1815 | Rake 0 
Board [9c 8d 6d 7h]
Seat 1: w4lker22 folded before Flop (didn't bet)
Seat 2: fred_vasco folded before Flop (didn't bet)
Seat 3: Whoizhe2 folded before Flop (didn't bet)
Seat 4: Isildur7777 folded before Flop (didn't bet)
Seat 5: hareman_lip folded before Flop (didn't bet)
Seat 6: WhaLucky folded on the Flop
Seat 7: kose16 (button) folded before Flop (didn't bet)
Seat 8: yid46 (small blind) folded on the Turn
Seat 9: Gabrielfs13 (big blind) collected (1815)



PokerStars Hand #257086926549: Tournament #3911959428, $7.20+$7.50+$1.80 USD Hold'em No Limit - Level IV (60/120) - 2025/07/25 17:08:19 BRT [2025/07/25 16:08:19 ET]
Table '3911959428 10' 9-max Seat #8 is the button
Seat 1: w4lker22 (15951 in chips, $11.25 bounty) 
Seat 2: fred_vasco (7892 in chips, $7.50 bounty) 
Seat 3: Whoizhe2 (9096 in chips, $7.50 bounty) 
Seat 4: Isildur7777 (10641 in chips, $7.50 bounty) 
Seat 5: hareman_lip (9066 in chips, $7.50 bounty) 
Seat 6: WhaLucky (9496 in chips, $7.50 bounty) 
Seat 7: kose16 (13331 in chips, $7.50 bounty) 
Seat 8: yid46 (10952 in chips, $7.50 bounty) 
Seat 9: Gabrielfs13 (13904 in chips, $7.50 bounty) 
w4lker22: posts the ante 15
fred_vasco: posts the ante 15
Whoizhe2: posts the ante 15
Isildur7777: posts the ante 15
hareman_lip: posts the ante 15
WhaLucky: posts the ante 15
kose16: posts the ante 15
yid46: posts the ante 15
Gabrielfs13: posts the ante 15
Gabrielfs13: posts small blind 60
w4lker22: posts big blind 120
*** HOLE CARDS ***
Dealt to Gabrielfs13 [7d Th]
fred_vasco: folds 
Whoizhe2: folds 
Isildur7777: folds 
hareman_lip: folds 
WhaLucky: raises 180 to 300
kose16: folds 
yid46: folds 
Gabrielfs13: folds 
w4lker22: folds 
Uncalled bet (180) returned to WhaLucky
WhaLucky collected 435 from pot
WhaLucky: doesn't show hand 
*** SUMMARY ***
Total pot 435 | Rake 0 
Seat 1: w4lker22 (big blind) folded before Flop
Seat 2: fred_vasco folded before Flop (didn't bet)
Seat 3: Whoizhe2 folded before Flop (didn't bet)
Seat 4: Isildur7777 folded before Flop (didn't bet)
Seat 5: hareman_lip folded before Flop (didn't bet)
Seat 6: WhaLucky collected (435)
Seat 7: kose16 folded before Flop (didn't bet)
Seat 8: yid46 (button) folded before Flop (didn't bet)
Seat 9: Gabrielfs13 (small blind) folded before Flop



PokerStars Hand #257086934124: Tournament #3911959428, $7.20+$7.50+$1.80 USD Hold'em No Limit - Level IV (60/120) - 2025/07/25 17:08:52 BRT [2025/07/25 16:08:52 ET]
Table '3911959428 10' 9-max Seat #9 is the button
Seat 1: w4lker22 (15816 in chips, $11.25 bounty) 
Seat 2: fred_vasco (7877 in chips, $7.50 bounty) 
Seat 3: Whoizhe2 (9081 in chips, $7.50 bounty) 
Seat 4: Isildur7777 (10626 in chips, $7.50 bounty) 
Seat 5: hareman_lip (9051 in chips, $7.50 bounty) 
Seat 6: WhaLucky (9796 in chips, $7.50 bounty) 
Seat 7: kose16 (13316 in chips, $7.50 bounty) 
Seat 8: yid46 (10937 in chips, $7.50 bounty) 
Seat 9: Gabrielfs13 (13829 in chips, $7.50 bounty) 
w4lker22: posts the ante 15
fred_vasco: posts the ante 15
Whoizhe2: posts the ante 15
Isildur7777: posts the ante 15
hareman_lip: posts the ante 15
WhaLucky: posts the ante 15
kose16: posts the ante 15
yid46: posts the ante 15
Gabrielfs13: posts the ante 15
w4lker22: posts small blind 60
fred_vasco: posts big blind 120
*** HOLE CARDS ***
Dealt to Gabrielfs13 [7h Jd]
Whoizhe2: folds 
Isildur7777: folds 
hareman_lip: folds 
WhaLucky: folds 
kose16: folds 
yid46: folds 
Gabrielfs13: folds 
w4lker22: folds 
Uncalled bet (60) returned to fred_vasco
fred_vasco collected 255 from pot
fred_vasco: doesn't show hand 
*** SUMMARY ***
Total pot 255 | Rake 0 
Seat 1: w4lker22 (small blind) folded before Flop
Seat 2: fred_vasco (big blind) collected (255)
Seat 3: Whoizhe2 folded before Flop (didn't bet)
Seat 4: Isildur7777 folded before Flop (didn't bet)
Seat 5: hareman_lip folded before Flop (didn't bet)
Seat 6: WhaLucky folded before Flop (didn't bet)
Seat 7: kose16 folded before Flop (didn't bet)
Seat 8: yid46 folded before Flop (didn't bet)
Seat 9: Gabrielfs13 (button) folded before Flop (didn't bet)



PokerStars Hand #257086941577: Tournament #3911959428, $7.20+$7.50+$1.80 USD Hold'em No Limit - Level IV (60/120) - 2025/07/25 17:09:25 BRT [2025/07/25 16:09:25 ET]
Table '3911959428 10' 9-max Seat #1 is the button
Seat 1: w4lker22 (15741 in chips, $11.25 bounty) 
Seat 2: fred_vasco (8057 in chips, $7.50 bounty) 
Seat 3: Whoizhe2 (9066 in chips, $7.50 bounty) 
Seat 4: Isildur7777 (10611 in chips, $7.50 bounty) 
Seat 5: hareman_lip (9036 in chips, $7.50 bounty) 
Seat 6: WhaLucky (9781 in chips, $7.50 bounty) 
Seat 7: kose16 (13301 in chips, $7.50 bounty) 
Seat 8: yid46 (10922 in chips, $7.50 bounty) 
Seat 9: Gabrielfs13 (13814 in chips, $7.50 bounty) 
w4lker22: posts the ante 15
fred_vasco: posts the ante 15
Whoizhe2: posts the ante 15
Isildur7777: posts the ante 15
hareman_lip: posts the ante 15
WhaLucky: posts the ante 15
kose16: posts the ante 15
yid46: posts the ante 15
Gabrielfs13: posts the ante 15
fred_vasco: posts small blind 60
Whoizhe2: posts big blind 120
*** HOLE CARDS ***
Dealt to Gabrielfs13 [Qd 3d]
Isildur7777: folds 
hareman_lip: folds 
WhaLucky: raises 180 to 300
kose16: folds 
yid46: raises 540 to 840
Gabrielfs13: folds 
w4lker22: folds 
fred_vasco: folds 
Whoizhe2: folds 
WhaLucky: raises 1860 to 2700
yid46: folds 
Uncalled bet (1860) returned to WhaLucky
WhaLucky collected 1995 from pot
WhaLucky: doesn't show hand 
*** SUMMARY ***
Total pot 1995 | Rake 0 
Seat 1: w4lker22 (button) folded before Flop (didn't bet)
Seat 2: fred_vasco (small blind) folded before Flop
Seat 3: Whoizhe2 (big blind) folded before Flop
Seat 4: Isildur7777 folded before Flop (didn't bet)
Seat 5: hareman_lip folded before Flop (didn't bet)
Seat 6: WhaLucky collected (1995)
Seat 7: kose16 folded before Flop (didn't bet)
Seat 8: yid46 folded before Flop
Seat 9: Gabrielfs13 folded before Flop (didn't bet)



PokerStars Hand #257086957239: Tournament #3911959428, $7.20+$7.50+$1.80 USD Hold'em No Limit - Level IV (60/120) - 2025/07/25 17:10:33 BRT [2025/07/25 16:10:33 ET]
Table '3911959428 10' 9-max Seat #2 is the button
Seat 1: w4lker22 (15726 in chips, $11.25 bounty) 
Seat 2: fred_vasco (7982 in chips, $7.50 bounty) 
Seat 3: Whoizhe2 (8931 in chips, $7.50 bounty) 
Seat 4: Isildur7777 (10596 in chips, $7.50 bounty) 
Seat 5: hareman_lip (9021 in chips, $7.50 bounty) 
Seat 6: WhaLucky (10921 in chips, $7.50 bounty) 
Seat 7: kose16 (13286 in chips, $7.50 bounty) 
Seat 8: yid46 (10067 in chips, $7.50 bounty) 
Seat 9: Gabrielfs13 (13799 in chips, $7.50 bounty) 
w4lker22: posts the ante 15
fred_vasco: posts the ante 15
Whoizhe2: posts the ante 15
Isildur7777: posts the ante 15
hareman_lip: posts the ante 15
WhaLucky: posts the ante 15
kose16: posts the ante 15
yid46: posts the ante 15
Gabrielfs13: posts the ante 15
Whoizhe2: posts small blind 60
Isildur7777: posts big blind 120
*** HOLE CARDS ***
Dealt to Gabrielfs13 [Jh Ac]
hareman_lip: folds 
WhaLucky: folds 
kose16: folds 
yid46: raises 240 to 360
Gabrielfs13: raises 660 to 1020
w4lker22: folds 
fred_vasco: folds 
Whoizhe2: folds 
Isildur7777: folds 
yid46: calls 660
*** FLOP *** [8c 2h Kc]
yid46: checks 
Gabrielfs13: bets 1178
yid46: folds 
Uncalled bet (1178) returned to Gabrielfs13
Gabrielfs13 collected 2355 from pot
Gabrielfs13: doesn't show hand 
*** SUMMARY ***
Total pot 2355 | Rake 0 
Board [8c 2h Kc]
Seat 1: w4lker22 folded before Flop (didn't bet)
Seat 2: fred_vasco (button) folded before Flop (didn't bet)
Seat 3: Whoizhe2 (small blind) folded before Flop
Seat 4: Isildur7777 (big blind) folded before Flop
Seat 5: hareman_lip folded before Flop (didn't bet)
Seat 6: WhaLucky folded before Flop (didn't bet)
Seat 7: kose16 folded before Flop (didn't bet)
Seat 8: yid46 folded on the Flop
Seat 9: Gabrielfs13 collected (2355)



PokerStars Hand #257086974430: Tournament #3911959428, $7.20+$7.50+$1.80 USD Hold'em No Limit - Level IV (60/120) - 2025/07/25 17:11:47 BRT [2025/07/25 16:11:47 ET]
Table '3911959428 10' 9-max Seat #3 is the button
Seat 1: w4lker22 (15711 in chips, $11.25 bounty) 
Seat 2: fred_vasco (7967 in chips, $7.50 bounty) 
Seat 3: Whoizhe2 (8856 in chips, $7.50 bounty) 
Seat 4: Isildur7777 (10461 in chips, $7.50 bounty) 
Seat 5: hareman_lip (9006 in chips, $7.50 bounty) 
Seat 6: WhaLucky (10906 in chips, $7.50 bounty) 
Seat 7: kose16 (13271 in chips, $7.50 bounty) 
Seat 8: yid46 (9032 in chips, $7.50 bounty) 
Seat 9: Gabrielfs13 (15119 in chips, $7.50 bounty) 
w4lker22: posts the ante 15
fred_vasco: posts the ante 15
Whoizhe2: posts the ante 15
Isildur7777: posts the ante 15
hareman_lip: posts the ante 15
WhaLucky: posts the ante 15
kose16: posts the ante 15
yid46: posts the ante 15
Gabrielfs13: posts the ante 15
Isildur7777: posts small blind 60
hareman_lip: posts big blind 120
*** HOLE CARDS ***
Dealt to Gabrielfs13 [2s 4s]
WhaLucky: raises 120 to 240
kose16: folds 
yid46: folds 
Gabrielfs13: folds 
w4lker22: calls 240
fred_vasco: folds 
Whoizhe2: folds 
Isildur7777: folds 
hareman_lip: raises 8751 to 8991 and is all-in
WhaLucky: folds 
w4lker22: folds 
Uncalled bet (8751) returned to hareman_lip
hareman_lip collected 915 from pot
hareman_lip: doesn't show hand 
*** SUMMARY ***
Total pot 915 | Rake 0 
Seat 1: w4lker22 folded before Flop
Seat 2: fred_vasco folded before Flop (didn't bet)
Seat 3: Whoizhe2 (button) folded before Flop (didn't bet)
Seat 4: Isildur7777 (small blind) folded before Flop
Seat 5: hareman_lip (big blind) collected (915)
Seat 6: WhaLucky folded before Flop
Seat 7: kose16 folded before Flop (didn't bet)
Seat 8: yid46 folded before Flop (didn't bet)
Seat 9: Gabrielfs13 folded before Flop (didn't bet)



PokerStars Hand #257086987077: Tournament #3911959428, $7.20+$7.50+$1.80 USD Hold'em No Limit - Level V (75/150) - 2025/07/25 17:12:42 BRT [2025/07/25 16:12:42 ET]
Table '3911959428 10' 9-max Seat #4 is the button
Seat 1: w4lker22 (15456 in chips, $11.25 bounty) 
Seat 2: fred_vasco (7952 in chips, $7.50 bounty) 
Seat 3: Whoizhe2 (8841 in chips, $7.50 bounty) 
Seat 4: Isildur7777 (10386 in chips, $7.50 bounty) 
Seat 5: hareman_lip (9666 in chips, $7.50 bounty) 
Seat 6: WhaLucky (10651 in chips, $7.50 bounty) 
Seat 7: kose16 (13256 in chips, $7.50 bounty) 
Seat 8: yid46 (9017 in chips, $7.50 bounty) 
Seat 9: Gabrielfs13 (15104 in chips, $7.50 bounty) 
w4lker22: posts the ante 20
fred_vasco: posts the ante 20
Whoizhe2: posts the ante 20
Isildur7777: posts the ante 20
hareman_lip: posts the ante 20
WhaLucky: posts the ante 20
kose16: posts the ante 20
yid46: posts the ante 20
Gabrielfs13: posts the ante 20
hareman_lip: posts small blind 75
WhaLucky: posts big blind 150
*** HOLE CARDS ***
Dealt to Gabrielfs13 [Jh 6d]
kose16: folds 
yid46: folds 
Gabrielfs13: folds 
w4lker22: folds 
fred_vasco: folds 
Whoizhe2: folds 
Isildur7777: raises 225 to 375
hareman_lip: folds 
WhaLucky: calls 225
*** FLOP *** [2s Ks Jd]
WhaLucky: checks 
Isildur7777: bets 332
WhaLucky: folds 
Uncalled bet (332) returned to Isildur7777
Isildur7777 collected 1005 from pot
Isildur7777: doesn't show hand 
*** SUMMARY ***
Total pot 1005 | Rake 0 
Board [2s Ks Jd]
Seat 1: w4lker22 folded before Flop (didn't bet)
Seat 2: fred_vasco folded before Flop (didn't bet)
Seat 3: Whoizhe2 folded before Flop (didn't bet)
Seat 4: Isildur7777 (button) collected (1005)
Seat 5: hareman_lip (small blind) folded before Flop
Seat 6: WhaLucky (big blind) folded on the Flop
Seat 7: kose16 folded before Flop (didn't bet)
Seat 8: yid46 folded before Flop (didn't bet)
Seat 9: Gabrielfs13 folded before Flop (didn't bet)



PokerStars Hand #257087005686: Tournament #3911959428, $7.20+$7.50+$1.80 USD Hold'em No Limit - Level V (75/150) - 2025/07/25 17:14:03 BRT [2025/07/25 16:14:03 ET]
Table '3911959428 10' 9-max Seat #5 is the button
Seat 1: w4lker22 (15436 in chips, $11.25 bounty) 
Seat 2: fred_vasco (7932 in chips, $7.50 bounty) 
Seat 3: Whoizhe2 (8821 in chips, $7.50 bounty) 
Seat 4: Isildur7777 (10996 in chips, $7.50 bounty) 
Seat 5: hareman_lip (9571 in chips, $7.50 bounty) 
Seat 6: WhaLucky (10256 in chips, $7.50 bounty) 
Seat 7: kose16 (13236 in chips, $7.50 bounty) 
Seat 8: yid46 (8997 in chips, $7.50 bounty) 
Seat 9: Gabrielfs13 (15084 in chips, $7.50 bounty) 
w4lker22: posts the ante 20
fred_vasco: posts the ante 20
Whoizhe2: posts the ante 20
Isildur7777: posts the ante 20
hareman_lip: posts the ante 20
WhaLucky: posts the ante 20
kose16: posts the ante 20
yid46: posts the ante 20
Gabrielfs13: posts the ante 20
WhaLucky: posts small blind 75
kose16: posts big blind 150
*** HOLE CARDS ***
Dealt to Gabrielfs13 [8c Kc]
yid46: folds 
Gabrielfs13: raises 150 to 300
w4lker22: folds 
fred_vasco: folds 
Whoizhe2: folds 
Isildur7777: calls 300
hareman_lip: folds 
WhaLucky: raises 1530 to 1830
kose16: folds 
Gabrielfs13: folds 
Isildur7777: folds 
Uncalled bet (1530) returned to WhaLucky
WhaLucky collected 1230 from pot
WhaLucky: doesn't show hand 
*** SUMMARY ***
Total pot 1230 | Rake 0 
Seat 1: w4lker22 folded before Flop (didn't bet)
Seat 2: fred_vasco folded before Flop (didn't bet)
Seat 3: Whoizhe2 folded before Flop (didn't bet)
Seat 4: Isildur7777 folded before Flop
Seat 5: hareman_lip (button) folded before Flop (didn't bet)
Seat 6: WhaLucky (small blind) collected (1230)
Seat 7: kose16 (big blind) folded before Flop
Seat 8: yid46 folded before Flop (didn't bet)
Seat 9: Gabrielfs13 folded before Flop



PokerStars Hand #257087019597: Tournament #3911959428, $7.20+$7.50+$1.80 USD Hold'em No Limit - Level V (75/150) - 2025/07/25 17:15:03 BRT [2025/07/25 16:15:03 ET]
Table '3911959428 10' 9-max Seat #6 is the button
Seat 1: w4lker22 (15416 in chips, $11.25 bounty) 
Seat 2: fred_vasco (7912 in chips, $7.50 bounty) 
Seat 3: Whoizhe2 (8801 in chips, $7.50 bounty) 
Seat 4: Isildur7777 (10676 in chips, $7.50 bounty) 
Seat 5: hareman_lip (9551 in chips, $7.50 bounty) 
Seat 6: WhaLucky (11166 in chips, $7.50 bounty) 
Seat 7: kose16 (13066 in chips, $7.50 bounty) 
Seat 8: yid46 (8977 in chips, $7.50 bounty) 
Seat 9: Gabrielfs13 (14764 in chips, $7.50 bounty) 
w4lker22: posts the ante 20
fred_vasco: posts the ante 20
Whoizhe2: posts the ante 20
Isildur7777: posts the ante 20
hareman_lip: posts the ante 20
WhaLucky: posts the ante 20
kose16: posts the ante 20
yid46: posts the ante 20
Gabrielfs13: posts the ante 20
kose16: posts small blind 75
yid46: posts big blind 150
*** HOLE CARDS ***
Dealt to Gabrielfs13 [Qh Td]
Gabrielfs13: folds 
w4lker22: folds 
fred_vasco: folds 
Whoizhe2: folds 
Isildur7777: folds 
hareman_lip: raises 150 to 300
WhaLucky: folds 
kose16: folds 
yid46: calls 150
*** FLOP *** [6h 6c 2s]
yid46: checks 
hareman_lip: bets 282
yid46: calls 282
*** TURN *** [6h 6c 2s] [Ts]
yid46: checks 
hareman_lip: bets 1064
yid46: raises 1514 to 2578
hareman_lip: calls 1514
*** RIVER *** [6h 6c 2s Ts] [5c]
yid46: bets 5797 and is all-in
hareman_lip: folds 
Uncalled bet (5797) returned to yid46
yid46 collected 6575 from pot
yid46: doesn't show hand 
*** SUMMARY ***
Total pot 6575 | Rake 0 
Board [6h 6c 2s Ts 5c]
Seat 1: w4lker22 folded before Flop (didn't bet)
Seat 2: fred_vasco folded before Flop (didn't bet)
Seat 3: Whoizhe2 folded before Flop (didn't bet)
Seat 4: Isildur7777 folded before Flop (didn't bet)
Seat 5: hareman_lip folded on the River
Seat 6: WhaLucky (button) folded before Flop (didn't bet)
Seat 7: kose16 (small blind) folded before Flop
Seat 8: yid46 (big blind) collected (6575)
Seat 9: Gabrielfs13 folded before Flop (didn't bet)



PokerStars Hand #257087043041: Tournament #3911959428, $7.20+$7.50+$1.80 USD Hold'em No Limit - Level V (75/150) - 2025/07/25 17:16:44 BRT [2025/07/25 16:16:44 ET]
Table '3911959428 10' 9-max Seat #7 is the button
Seat 1: w4lker22 (15396 in chips, $11.25 bounty) 
Seat 2: fred_vasco (7892 in chips, $7.50 bounty) 
Seat 3: Whoizhe2 (8781 in chips, $7.50 bounty) 
Seat 4: Isildur7777 (10656 in chips, $7.50 bounty) 
Seat 5: hareman_lip (6371 in chips, $7.50 bounty) 
Seat 6: WhaLucky (11146 in chips, $7.50 bounty) 
Seat 7: kose16 (12971 in chips, $7.50 bounty) 
Seat 8: yid46 (12372 in chips, $7.50 bounty) 
Seat 9: Gabrielfs13 (14744 in chips, $7.50 bounty) 
w4lker22: posts the ante 20
fred_vasco: posts the ante 20
Whoizhe2: posts the ante 20
Isildur7777: posts the ante 20
hareman_lip: posts the ante 20
WhaLucky: posts the ante 20
kose16: posts the ante 20
yid46: posts the ante 20
Gabrielfs13: posts the ante 20
yid46: posts small blind 75
Gabrielfs13: posts big blind 150
*** HOLE CARDS ***
Dealt to Gabrielfs13 [9d 3c]
w4lker22: folds 
fred_vasco: folds 
Whoizhe2: folds 
Isildur7777: raises 150 to 300
hareman_lip: folds 
WhaLucky: raises 900 to 1200
kose16: folds 
yid46: folds 
Gabrielfs13: folds 
Isildur7777: folds 
Uncalled bet (900) returned to WhaLucky
WhaLucky collected 1005 from pot
WhaLucky: doesn't show hand 
*** SUMMARY ***
Total pot 1005 | Rake 0 
Seat 1: w4lker22 folded before Flop (didn't bet)
Seat 2: fred_vasco folded before Flop (didn't bet)
Seat 3: Whoizhe2 folded before Flop (didn't bet)
Seat 4: Isildur7777 folded before Flop
Seat 5: hareman_lip folded before Flop (didn't bet)
Seat 6: WhaLucky collected (1005)
Seat 7: kose16 (button) folded before Flop (didn't bet)
Seat 8: yid46 (small blind) folded before Flop
Seat 9: Gabrielfs13 (big blind) folded before Flop



PokerStars Hand #257087049315: Tournament #3911959428, $7.20+$7.50+$1.80 USD Hold'em No Limit - Level V (75/150) - 2025/07/25 17:17:11 BRT [2025/07/25 16:17:11 ET]
Table '3911959428 10' 9-max Seat #8 is the button
Seat 1: w4lker22 (15376 in chips, $11.25 bounty) 
Seat 2: fred_vasco (7872 in chips, $7.50 bounty) 
Seat 3: Whoizhe2 (8761 in chips, $7.50 bounty) 
Seat 4: Isildur7777 (10336 in chips, $7.50 bounty) 
Seat 5: hareman_lip (6351 in chips, $7.50 bounty) 
Seat 6: WhaLucky (11831 in chips, $7.50 bounty) 
Seat 7: kose16 (12951 in chips, $7.50 bounty) 
Seat 8: yid46 (12277 in chips, $7.50 bounty) 
Seat 9: Gabrielfs13 (14574 in chips, $7.50 bounty) 
w4lker22: posts the ante 20
fred_vasco: posts the ante 20
Whoizhe2: posts the ante 20
Isildur7777: posts the ante 20
hareman_lip: posts the ante 20
WhaLucky: posts the ante 20
kose16: posts the ante 20
yid46: posts the ante 20
Gabrielfs13: posts the ante 20
Gabrielfs13: posts small blind 75
w4lker22: posts big blind 150
*** HOLE CARDS ***
Dealt to Gabrielfs13 [Th 7h]
fred_vasco: folds 
Whoizhe2: folds 
Isildur7777: folds 
hareman_lip: folds 
WhaLucky: folds 
kose16: raises 150 to 300
yid46: folds 
Gabrielfs13: calls 225
w4lker22: calls 150
*** FLOP *** [Ah 4h 4s]
Gabrielfs13: checks 
w4lker22: checks 
kose16: checks 
*** TURN *** [Ah 4h 4s] [3d]
Gabrielfs13: bets 356
w4lker22: calls 356
kose16: folds 
*** RIVER *** [Ah 4h 4s 3d] [9d]
Gabrielfs13: bets 525
w4lker22: calls 525
*** SHOW DOWN ***
Gabrielfs13: shows [Th 7h] (a pair of Fours)
w4lker22: shows [3h Kh] (two pair, Fours and Threes)
w4lker22 collected 2842 from pot
*** SUMMARY ***
Total pot 2842 | Rake 0 
Board [Ah 4h 4s 3d 9d]
Seat 1: w4lker22 (big blind) showed [3h Kh] and won (2842) with two pair, Fours and Threes
Seat 2: fred_vasco folded before Flop (didn't bet)
Seat 3: Whoizhe2 folded before Flop (didn't bet)
Seat 4: Isildur7777 folded before Flop (didn't bet)
Seat 5: hareman_lip folded before Flop (didn't bet)
Seat 6: WhaLucky folded before Flop (didn't bet)
Seat 7: kose16 folded on the Turn
Seat 8: yid46 (button) folded before Flop (didn't bet)
Seat 9: Gabrielfs13 (small blind) showed [Th 7h] and lost with a pair of Fours



PokerStars Hand #257087067085: Tournament #3911959428, $7.20+$7.50+$1.80 USD Hold'em No Limit - Level V (75/150) - 2025/07/25 17:18:28 BRT [2025/07/25 16:18:28 ET]
Table '3911959428 10' 9-max Seat #9 is the button
Seat 1: w4lker22 (17017 in chips, $11.25 bounty) 
Seat 2: fred_vasco (7852 in chips, $7.50 bounty) 
Seat 3: Whoizhe2 (8741 in chips, $7.50 bounty) 
Seat 4: Isildur7777 (10316 in chips, $7.50 bounty) 
Seat 5: hareman_lip (6331 in chips, $7.50 bounty) 
Seat 6: WhaLucky (11811 in chips, $7.50 bounty) 
Seat 7: kose16 (12631 in chips, $7.50 bounty) 
Seat 8: yid46 (12257 in chips, $7.50 bounty) 
Seat 9: Gabrielfs13 (13373 in chips, $7.50 bounty) 
w4lker22: posts the ante 20
fred_vasco: posts the ante 20
Whoizhe2: posts the ante 20
Isildur7777: posts the ante 20
hareman_lip: posts the ante 20
WhaLucky: posts the ante 20
kose16: posts the ante 20
yid46: posts the ante 20
Gabrielfs13: posts the ante 20
w4lker22: posts small blind 75
fred_vasco: posts big blind 150
*** HOLE CARDS ***
Dealt to Gabrielfs13 [Tc Js]
Whoizhe2: folds 
Isildur7777: folds 
hareman_lip: raises 150 to 300
WhaLucky: raises 900 to 1200
kose16: folds 
yid46: folds 
Gabrielfs13: folds 
w4lker22: folds 
fred_vasco: folds 
hareman_lip: folds 
Uncalled bet (900) returned to WhaLucky
WhaLucky collected 1005 from pot
WhaLucky: doesn't show hand 
*** SUMMARY ***
Total pot 1005 | Rake 0 
Seat 1: w4lker22 (small blind) folded before Flop
Seat 2: fred_vasco (big blind) folded before Flop
Seat 3: Whoizhe2 folded before Flop (didn't bet)
Seat 4: Isildur7777 folded before Flop (didn't bet)
Seat 5: hareman_lip folded before Flop
Seat 6: WhaLucky collected (1005)
Seat 7: kose16 folded before Flop (didn't bet)
Seat 8: yid46 folded before Flop (didn't bet)
Seat 9: Gabrielfs13 (button) folded before Flop (didn't bet)



PokerStars Hand #257087082463: Tournament #3911959428, $7.20+$7.50+$1.80 USD Hold'em No Limit - Level V (75/150) - 2025/07/25 17:19:34 BRT [2025/07/25 16:19:34 ET]
Table '3911959428 10' 9-max Seat #1 is the button
Seat 1: w4lker22 (16922 in chips, $11.25 bounty) 
Seat 2: fred_vasco (7682 in chips, $7.50 bounty) 
Seat 3: Whoizhe2 (8721 in chips, $7.50 bounty) 
Seat 4: Isildur7777 (10296 in chips, $7.50 bounty) 
Seat 5: hareman_lip (6011 in chips, $7.50 bounty) 
Seat 6: WhaLucky (12496 in chips, $7.50 bounty) 
Seat 7: kose16 (12611 in chips, $7.50 bounty) 
Seat 8: yid46 (12237 in chips, $7.50 bounty) 
Seat 9: Gabrielfs13 (13353 in chips, $7.50 bounty) 
w4lker22: posts the ante 20
fred_vasco: posts the ante 20
Whoizhe2: posts the ante 20
Isildur7777: posts the ante 20
hareman_lip: posts the ante 20
WhaLucky: posts the ante 20
kose16: posts the ante 20
yid46: posts the ante 20
Gabrielfs13: posts the ante 20
fred_vasco: posts small blind 75
Whoizhe2: posts big blind 150
*** HOLE CARDS ***
Dealt to Gabrielfs13 [As 8c]
Isildur7777: folds 
hareman_lip: folds 
WhaLucky: raises 225 to 375
kose16: folds 
yid46: raises 525 to 900
Gabrielfs13: folds 
w4lker22: folds 
fred_vasco: folds 
Whoizhe2: folds 
WhaLucky: calls 525
*** FLOP *** [5c 4d Jc]
WhaLucky: checks 
yid46: bets 600
WhaLucky: calls 600
*** TURN *** [5c 4d Jc] [9d]
WhaLucky: checks 
yid46: bets 1500
WhaLucky: folds 
Uncalled bet (1500) returned to yid46
yid46 collected 3405 from pot
yid46: doesn't show hand 
*** SUMMARY ***
Total pot 3405 | Rake 0 
Board [5c 4d Jc 9d]
Seat 1: w4lker22 (button) folded before Flop (didn't bet)
Seat 2: fred_vasco (small blind) folded before Flop
Seat 3: Whoizhe2 (big blind) folded before Flop
Seat 4: Isildur7777 folded before Flop (didn't bet)
Seat 5: hareman_lip folded before Flop (didn't bet)
Seat 6: WhaLucky folded on the Turn
Seat 7: kose16 folded before Flop (didn't bet)
Seat 8: yid46 collected (3405)
Seat 9: Gabrielfs13 folded before Flop (didn't bet)



PokerStars Hand #257087096711: Tournament #3911959428, $7.20+$7.50+$1.80 USD Hold'em No Limit - Level V (75/150) - 2025/07/25 17:20:34 BRT [2025/07/25 16:20:34 ET]
Table '3911959428 10' 9-max Seat #2 is the button
Seat 1: w4lker22 (16902 in chips, $11.25 bounty) 
Seat 2: fred_vasco (7587 in chips, $7.50 bounty) 
Seat 3: Whoizhe2 (8551 in chips, $7.50 bounty) 
Seat 4: Isildur7777 (10276 in chips, $7.50 bounty) 
Seat 5: hareman_lip (5991 in chips, $7.50 bounty) 
Seat 6: WhaLucky (10976 in chips, $7.50 bounty) 
Seat 7: kose16 (12591 in chips, $7.50 bounty) 
Seat 8: yid46 (14122 in chips, $7.50 bounty) 
Seat 9: Gabrielfs13 (13333 in chips, $7.50 bounty) 
w4lker22: posts the ante 20
fred_vasco: posts the ante 20
Whoizhe2: posts the ante 20
Isildur7777: posts the ante 20
hareman_lip: posts the ante 20
WhaLucky: posts the ante 20
kose16: posts the ante 20
yid46: posts the ante 20
Gabrielfs13: posts the ante 20
Whoizhe2: posts small blind 75
Isildur7777: posts big blind 150
*** HOLE CARDS ***
Dealt to Gabrielfs13 [Kh 3s]
hareman_lip: raises 150 to 300
WhaLucky: folds 
kose16: folds 
yid46: folds 
Gabrielfs13: folds 
w4lker22: calls 300
fred_vasco: folds 
Whoizhe2: folds 
Isildur7777: folds 
*** FLOP *** [7s 9d 6h]
hareman_lip: checks 
w4lker22: bets 552
hareman_lip: raises 1323 to 1875
w4lker22: folds 
Uncalled bet (1323) returned to hareman_lip
hareman_lip collected 2109 from pot
hareman_lip: doesn't show hand 
*** SUMMARY ***
Total pot 2109 | Rake 0 
Board [7s 9d 6h]
Seat 1: w4lker22 folded on the Flop
Seat 2: fred_vasco (button) folded before Flop (didn't bet)
Seat 3: Whoizhe2 (small blind) folded before Flop
Seat 4: Isildur7777 (big blind) folded before Flop
Seat 5: hareman_lip collected (2109)
Seat 6: WhaLucky folded before Flop (didn't bet)
Seat 7: kose16 folded before Flop (didn't bet)
Seat 8: yid46 folded before Flop (didn't bet)
Seat 9: Gabrielfs13 folded before Flop (didn't bet)



PokerStars Hand #257087120702: Tournament #3911959428, $7.20+$7.50+$1.80 USD Hold'em No Limit - Level VI (100/200) - 2025/07/25 17:22:15 BRT [2025/07/25 16:22:15 ET]
Table '3911959428 10' 9-max Seat #3 is the button
Seat 1: w4lker22 (16030 in chips, $11.25 bounty) 
Seat 2: fred_vasco (7567 in chips, $7.50 bounty) 
Seat 3: Whoizhe2 (8456 in chips, $7.50 bounty) 
Seat 4: Isildur7777 (10106 in chips, $7.50 bounty) 
Seat 5: hareman_lip (7228 in chips, $7.50 bounty) 
Seat 6: WhaLucky (10956 in chips, $7.50 bounty) 
Seat 7: kose16 (12571 in chips, $7.50 bounty) 
Seat 8: yid46 (14102 in chips, $7.50 bounty) 
Seat 9: Gabrielfs13 (13313 in chips, $7.50 bounty) 
w4lker22: posts the ante 25
fred_vasco: posts the ante 25
Whoizhe2: posts the ante 25
Isildur7777: posts the ante 25
hareman_lip: posts the ante 25
WhaLucky: posts the ante 25
kose16: posts the ante 25
yid46: posts the ante 25
Gabrielfs13: posts the ante 25
Isildur7777: posts small blind 100
hareman_lip: posts big blind 200
*** HOLE CARDS ***
Dealt to Gabrielfs13 [5s 5d]
WhaLucky: folds 
kose16: folds 
yid46: folds 
Gabrielfs13: raises 200 to 400
w4lker22: folds 
fred_vasco: folds 
Whoizhe2: folds 
Isildur7777: calls 300
hareman_lip: folds 
*** FLOP *** [9d 2s 6c]
Isildur7777: checks 
Gabrielfs13: bets 300
Isildur7777: raises 700 to 1000
Gabrielfs13: folds 
Uncalled bet (700) returned to Isildur7777
Isildur7777 collected 1825 from pot
Isildur7777: doesn't show hand 
*** SUMMARY ***
Total pot 1825 | Rake 0 
Board [9d 2s 6c]
Seat 1: w4lker22 folded before Flop (didn't bet)
Seat 2: fred_vasco folded before Flop (didn't bet)
Seat 3: Whoizhe2 (button) folded before Flop (didn't bet)
Seat 4: Isildur7777 (small blind) collected (1825)
Seat 5: hareman_lip (big blind) folded before Flop
Seat 6: WhaLucky folded before Flop (didn't bet)
Seat 7: kose16 folded before Flop (didn't bet)
Seat 8: yid46 folded before Flop (didn't bet)
Seat 9: Gabrielfs13 folded on the Flop



PokerStars Hand #257087134487: Tournament #3911959428, $7.20+$7.50+$1.80 USD Hold'em No Limit - Level VI (100/200) - 2025/07/25 17:23:13 BRT [2025/07/25 16:23:13 ET]
Table '3911959428 10' 9-max Seat #4 is the button
Seat 1: w4lker22 (16005 in chips, $11.25 bounty) 
Seat 2: fred_vasco (7542 in chips, $7.50 bounty) 
Seat 3: Whoizhe2 (8431 in chips, $7.50 bounty) 
Seat 4: Isildur7777 (11206 in chips, $7.50 bounty) 
Seat 5: hareman_lip (7003 in chips, $7.50 bounty) 
Seat 6: WhaLucky (10931 in chips, $7.50 bounty) 
Seat 7: kose16 (12546 in chips, $7.50 bounty) 
Seat 8: yid46 (14077 in chips, $7.50 bounty) 
Seat 9: Gabrielfs13 (12588 in chips, $7.50 bounty) 
w4lker22: posts the ante 25
fred_vasco: posts the ante 25
Whoizhe2: posts the ante 25
Isildur7777: posts the ante 25
hareman_lip: posts the ante 25
WhaLucky: posts the ante 25
kose16: posts the ante 25
yid46: posts the ante 25
Gabrielfs13: posts the ante 25
hareman_lip: posts small blind 100
WhaLucky: posts big blind 200
*** HOLE CARDS ***
Dealt to Gabrielfs13 [4c Qc]
kose16: folds 
yid46: folds 
Gabrielfs13: folds 
w4lker22: raises 200 to 400
fred_vasco: folds 
Whoizhe2: folds 
Isildur7777: folds 
hareman_lip: folds 
WhaLucky: calls 200
*** FLOP *** [Qh 5c Kh]
WhaLucky: checks 
w4lker22: bets 370
WhaLucky: folds 
Uncalled bet (370) returned to w4lker22
w4lker22 collected 1125 from pot
w4lker22: doesn't show hand 
*** SUMMARY ***
Total pot 1125 | Rake 0 
Board [Qh 5c Kh]
Seat 1: w4lker22 collected (1125)
Seat 2: fred_vasco folded before Flop (didn't bet)
Seat 3: Whoizhe2 folded before Flop (didn't bet)
Seat 4: Isildur7777 (button) folded before Flop (didn't bet)
Seat 5: hareman_lip (small blind) folded before Flop
Seat 6: WhaLucky (big blind) folded on the Flop
Seat 7: kose16 folded before Flop (didn't bet)
Seat 8: yid46 folded before Flop (didn't bet)
Seat 9: Gabrielfs13 folded before Flop (didn't bet)



PokerStars Hand #257087149538: Tournament #3911959428, $7.20+$7.50+$1.80 USD Hold'em No Limit - Level VI (100/200) - 2025/07/25 17:24:16 BRT [2025/07/25 16:24:16 ET]
Table '3911959428 10' 9-max Seat #5 is the button
Seat 1: w4lker22 (16705 in chips, $11.25 bounty) 
Seat 2: fred_vasco (7517 in chips, $7.50 bounty) 
Seat 3: Whoizhe2 (8406 in chips, $7.50 bounty) 
Seat 4: Isildur7777 (11181 in chips, $7.50 bounty) 
Seat 5: hareman_lip (6878 in chips, $7.50 bounty) 
Seat 6: WhaLucky (10506 in chips, $7.50 bounty) 
Seat 7: kose16 (12521 in chips, $7.50 bounty) 
Seat 8: yid46 (14052 in chips, $7.50 bounty) 
Seat 9: Gabrielfs13 (12563 in chips, $7.50 bounty) 
w4lker22: posts the ante 25
fred_vasco: posts the ante 25
Whoizhe2: posts the ante 25
Isildur7777: posts the ante 25
hareman_lip: posts the ante 25
WhaLucky: posts the ante 25
kose16: posts the ante 25
yid46: posts the ante 25
Gabrielfs13: posts the ante 25
WhaLucky: posts small blind 100
kose16: posts big blind 200
*** HOLE CARDS ***
Dealt to Gabrielfs13 [5d 5s]
yid46: raises 200 to 400
Gabrielfs13: calls 400
w4lker22: folds 
fred_vasco: folds 
Whoizhe2: folds 
Isildur7777: folds 
hareman_lip: folds 
WhaLucky: folds 
kose16: calls 200
*** FLOP *** [Jd Th 8d]
kose16: checks 
yid46: bets 400
Gabrielfs13: folds 
kose16: calls 400
*** TURN *** [Jd Th 8d] [2d]
kose16: checks 
yid46: bets 600
kose16: calls 600
*** RIVER *** [Jd Th 8d 2d] [5c]
kose16: checks 
yid46: checks 
*** SHOW DOWN ***
kose16: shows [Ts 7d] (a pair of Tens)
yid46: shows [Qc Js] (a pair of Jacks)
yid46 collected 3525 from pot
*** SUMMARY ***
Total pot 3525 | Rake 0 
Board [Jd Th 8d 2d 5c]
Seat 1: w4lker22 folded before Flop (didn't bet)
Seat 2: fred_vasco folded before Flop (didn't bet)
Seat 3: Whoizhe2 folded before Flop (didn't bet)
Seat 4: Isildur7777 folded before Flop (didn't bet)
Seat 5: hareman_lip (button) folded before Flop (didn't bet)
Seat 6: WhaLucky (small blind) folded before Flop
Seat 7: kose16 (big blind) showed [Ts 7d] and lost with a pair of Tens
Seat 8: yid46 showed [Qc Js] and won (3525) with a pair of Jacks
Seat 9: Gabrielfs13 folded on the Flop



PokerStars Hand #257087177462: Tournament #3911959428, $7.20+$7.50+$1.80 USD Hold'em No Limit - Level VI (100/200) - 2025/07/25 17:26:13 BRT [2025/07/25 16:26:13 ET]
Table '3911959428 10' 9-max Seat #6 is the button
Seat 1: w4lker22 (16680 in chips, $11.25 bounty) 
Seat 2: fred_vasco (7492 in chips, $7.50 bounty) 
Seat 3: Whoizhe2 (8381 in chips, $7.50 bounty) 
Seat 4: Isildur7777 (11156 in chips, $7.50 bounty) 
Seat 5: hareman_lip (6853 in chips, $7.50 bounty) 
Seat 6: WhaLucky (10381 in chips, $7.50 bounty) 
Seat 7: kose16 (11096 in chips, $7.50 bounty) 
Seat 8: yid46 (16152 in chips, $7.50 bounty) 
Seat 9: Gabrielfs13 (12138 in chips, $7.50 bounty) 
w4lker22: posts the ante 25
fred_vasco: posts the ante 25
Whoizhe2: posts the ante 25
Isildur7777: posts the ante 25
hareman_lip: posts the ante 25
WhaLucky: posts the ante 25
kose16: posts the ante 25
yid46: posts the ante 25
Gabrielfs13: posts the ante 25
kose16: posts small blind 100
yid46: posts big blind 200
*** HOLE CARDS ***
Dealt to Gabrielfs13 [Tc 2d]
Gabrielfs13: folds 
w4lker22: folds 
fred_vasco: folds 
Whoizhe2: folds 
Isildur7777: raises 200 to 400
hareman_lip: calls 400
WhaLucky: folds 
kose16: folds 
yid46: calls 200
*** FLOP *** [8d Jc 7s]
yid46: checks 
Isildur7777: bets 503
hareman_lip: folds 
yid46: calls 503
*** TURN *** [8d Jc 7s] [Jd]
yid46: checks 
Isildur7777: checks 
*** RIVER *** [8d Jc 7s Jd] [Qc]
yid46: checks 
Isildur7777: checks 
*** SHOW DOWN ***
yid46: shows [Ah Td] (a pair of Jacks)
Isildur7777: mucks hand 
yid46 collected 2531 from pot
*** SUMMARY ***
Total pot 2531 | Rake 0 
Board [8d Jc 7s Jd Qc]
Seat 1: w4lker22 folded before Flop (didn't bet)
Seat 2: fred_vasco folded before Flop (didn't bet)
Seat 3: Whoizhe2 folded before Flop (didn't bet)
Seat 4: Isildur7777 mucked [Kh 4h]
Seat 5: hareman_lip folded on the Flop
Seat 6: WhaLucky (button) folded before Flop (didn't bet)
Seat 7: kose16 (small blind) folded before Flop
Seat 8: yid46 (big blind) showed [Ah Td] and won (2531) with a pair of Jacks
Seat 9: Gabrielfs13 folded before Flop (didn't bet)



PokerStars Hand #257087202945: Tournament #3911959428, $7.20+$7.50+$1.80 USD Hold'em No Limit - Level VI (100/200) - 2025/07/25 17:28:00 BRT [2025/07/25 16:28:00 ET]
Table '3911959428 10' 9-max Seat #7 is the button
Seat 1: w4lker22 (16655 in chips, $11.25 bounty) 
Seat 2: fred_vasco (7467 in chips, $7.50 bounty) 
Seat 3: Whoizhe2 (8356 in chips, $7.50 bounty) 
Seat 4: Isildur7777 (10228 in chips, $7.50 bounty) 
Seat 5: hareman_lip (6428 in chips, $7.50 bounty) 
Seat 6: WhaLucky (10356 in chips, $7.50 bounty) 
Seat 7: kose16 (10971 in chips, $7.50 bounty) 
Seat 8: yid46 (17755 in chips, $7.50 bounty) 
Seat 9: Gabrielfs13 (12113 in chips, $7.50 bounty) 
w4lker22: posts the ante 25
fred_vasco: posts the ante 25
Whoizhe2: posts the ante 25
Isildur7777: posts the ante 25
hareman_lip: posts the ante 25
WhaLucky: posts the ante 25
kose16: posts the ante 25
yid46: posts the ante 25
Gabrielfs13: posts the ante 25
yid46: posts small blind 100
Gabrielfs13: posts big blind 200
*** HOLE CARDS ***
Dealt to Gabrielfs13 [8h Ks]
w4lker22: folds 
fred_vasco: folds 
Whoizhe2: folds 
Isildur7777: raises 200 to 400
hareman_lip: folds 
WhaLucky: folds 
kose16: calls 400
yid46: folds 
Gabrielfs13: calls 200
*** FLOP *** [Jd Kd 6c]
Gabrielfs13: checks 
Isildur7777: bets 503
kose16: calls 503
Gabrielfs13: calls 503
*** TURN *** [Jd Kd 6c] [Qs]
Gabrielfs13: checks 
Isildur7777: checks 
kose16: bets 800
Gabrielfs13: calls 800
Isildur7777: calls 800
*** RIVER *** [Jd Kd 6c Qs] [3h]
Gabrielfs13: checks 
Isildur7777: checks 
kose16: bets 800
Gabrielfs13: calls 800
Isildur7777: folds 
*** SHOW DOWN ***
kose16: shows [Tc Ad] (a straight, Ten to Ace)
Gabrielfs13: mucks hand 
kose16 collected 7034 from pot
*** SUMMARY ***
Total pot 7034 | Rake 0 
Board [Jd Kd 6c Qs 3h]
Seat 1: w4lker22 folded before Flop (didn't bet)
Seat 2: fred_vasco folded before Flop (didn't bet)
Seat 3: Whoizhe2 folded before Flop (didn't bet)
Seat 4: Isildur7777 folded on the River
Seat 5: hareman_lip folded before Flop (didn't bet)
Seat 6: WhaLucky folded before Flop (didn't bet)
Seat 7: kose16 (button) showed [Tc Ad] and won (7034) with a straight, Ten to Ace
Seat 8: yid46 (small blind) folded before Flop
Seat 9: Gabrielfs13 (big blind) mucked [8h Ks]



PokerStars Hand #257087230556: Tournament #3911959428, $7.20+$7.50+$1.80 USD Hold'em No Limit - Level VI (100/200) - 2025/07/25 17:29:57 BRT [2025/07/25 16:29:57 ET]
Table '3911959428 10' 9-max Seat #8 is the button
Seat 1: w4lker22 (16630 in chips, $11.25 bounty) 
Seat 2: fred_vasco (7442 in chips, $7.50 bounty) 
Seat 3: Whoizhe2 (8331 in chips, $7.50 bounty) 
Seat 4: Isildur7777 (8500 in chips, $7.50 bounty) 
Seat 5: hareman_lip (6403 in chips, $7.50 bounty) 
Seat 6: WhaLucky (10331 in chips, $7.50 bounty) 
Seat 7: kose16 (15477 in chips, $7.50 bounty) 
Seat 8: yid46 (17630 in chips, $7.50 bounty) 
Seat 9: Gabrielfs13 (9585 in chips, $7.50 bounty) 
w4lker22: posts the ante 25
fred_vasco: posts the ante 25
Whoizhe2: posts the ante 25
Isildur7777: posts the ante 25
hareman_lip: posts the ante 25
WhaLucky: posts the ante 25
kose16: posts the ante 25
yid46: posts the ante 25
Gabrielfs13: posts the ante 25
Gabrielfs13: posts small blind 100
w4lker22: posts big blind 200
*** HOLE CARDS ***
Dealt to Gabrielfs13 [Qd 8d]
fred_vasco: folds 
Whoizhe2: folds 
Isildur7777: folds 
hareman_lip: raises 200 to 400
WhaLucky: folds 
kose16: folds 
yid46: folds 
Gabrielfs13: folds 
w4lker22: calls 200
*** FLOP *** [6d Ac 2c]
w4lker22: checks 
hareman_lip: bets 700
w4lker22: calls 700
*** TURN *** [6d Ac 2c] [Kd]
w4lker22: checks 
hareman_lip: bets 2500
w4lker22: calls 2500
*** RIVER *** [6d Ac 2c Kd] [Js]
w4lker22: checks 
hareman_lip: checks 
*** SHOW DOWN ***
w4lker22: shows [Ad 3h] (a pair of Aces)
hareman_lip: mucks hand 
w4lker22 collected 7525 from pot
*** SUMMARY ***
Total pot 7525 | Rake 0 
Board [6d Ac 2c Kd Js]
Seat 1: w4lker22 (big blind) showed [Ad 3h] and won (7525) with a pair of Aces
Seat 2: fred_vasco folded before Flop (didn't bet)
Seat 3: Whoizhe2 folded before Flop (didn't bet)
Seat 4: Isildur7777 folded before Flop (didn't bet)
Seat 5: hareman_lip mucked [Jd Qs]
Seat 6: WhaLucky folded before Flop (didn't bet)
Seat 7: kose16 folded before Flop (didn't bet)
Seat 8: yid46 (button) folded before Flop (didn't bet)
Seat 9: Gabrielfs13 (small blind) folded before Flop



PokerStars Hand #257087258421: Tournament #3911959428, $7.20+$7.50+$1.80 USD Hold'em No Limit - Level VII (125/250) - 2025/07/25 17:31:53 BRT [2025/07/25 16:31:53 ET]
Table '3911959428 10' 9-max Seat #9 is the button
Seat 1: w4lker22 (20530 in chips, $11.25 bounty) 
Seat 2: fred_vasco (7417 in chips, $7.50 bounty) 
Seat 3: Whoizhe2 (8306 in chips, $7.50 bounty) 
Seat 4: Isildur7777 (8475 in chips, $7.50 bounty) 
Seat 5: hareman_lip (2778 in chips, $7.50 bounty) 
Seat 6: WhaLucky (10306 in chips, $7.50 bounty) 
Seat 7: kose16 (15452 in chips, $7.50 bounty) 
Seat 8: yid46 (17605 in chips, $7.50 bounty) 
Seat 9: Gabrielfs13 (9460 in chips, $7.50 bounty) 
w4lker22: posts the ante 30
fred_vasco: posts the ante 30
Whoizhe2: posts the ante 30
Isildur7777: posts the ante 30
hareman_lip: posts the ante 30
WhaLucky: posts the ante 30
kose16: posts the ante 30
yid46: posts the ante 30
Gabrielfs13: posts the ante 30
w4lker22: posts small blind 125
fred_vasco: posts big blind 250
*** HOLE CARDS ***
Dealt to Gabrielfs13 [4c 8h]
Whoizhe2: raises 250 to 500
Isildur7777: folds 
hareman_lip: folds 
WhaLucky: folds 
kose16: folds 
yid46: folds 
Gabrielfs13: folds 
w4lker22: calls 375
fred_vasco: calls 250
*** FLOP *** [8s 3c 8d]
w4lker22: checks 
fred_vasco: checks 
Whoizhe2: bets 531
w4lker22: folds 
fred_vasco: raises 934 to 1465
Whoizhe2: folds 
Uncalled bet (934) returned to fred_vasco
fred_vasco collected 2832 from pot
fred_vasco: doesn't show hand 
*** SUMMARY ***
Total pot 2832 | Rake 0 
Board [8s 3c 8d]
Seat 1: w4lker22 (small blind) folded on the Flop
Seat 2: fred_vasco (big blind) collected (2832)
Seat 3: Whoizhe2 folded on the Flop
Seat 4: Isildur7777 folded before Flop (didn't bet)
Seat 5: hareman_lip folded before Flop (didn't bet)
Seat 6: WhaLucky folded before Flop (didn't bet)
Seat 7: kose16 folded before Flop (didn't bet)
Seat 8: yid46 folded before Flop (didn't bet)
Seat 9: Gabrielfs13 (button) folded before Flop (didn't bet)



PokerStars Hand #257087280076: Tournament #3911959428, $7.20+$7.50+$1.80 USD Hold'em No Limit - Level VII (125/250) - 2025/07/25 17:33:22 BRT [2025/07/25 16:33:22 ET]
Table '3911959428 10' 9-max Seat #1 is the button
Seat 1: w4lker22 (20000 in chips, $11.25 bounty) 
Seat 2: fred_vasco (9188 in chips, $7.50 bounty) 
Seat 3: Whoizhe2 (7245 in chips, $7.50 bounty) 
Seat 4: Isildur7777 (8445 in chips, $7.50 bounty) 
Seat 5: hareman_lip (2748 in chips, $7.50 bounty) 
Seat 6: WhaLucky (10276 in chips, $7.50 bounty) 
Seat 7: kose16 (15422 in chips, $7.50 bounty) 
Seat 8: yid46 (17575 in chips, $7.50 bounty) 
Seat 9: Gabrielfs13 (9430 in chips, $7.50 bounty) 
w4lker22: posts the ante 30
fred_vasco: posts the ante 30
Whoizhe2: posts the ante 30
Isildur7777: posts the ante 30
hareman_lip: posts the ante 30
WhaLucky: posts the ante 30
kose16: posts the ante 30
yid46: posts the ante 30
Gabrielfs13: posts the ante 30
fred_vasco: posts small blind 125
Whoizhe2: posts big blind 250
*** HOLE CARDS ***
Dealt to Gabrielfs13 [Qc Ts]
Isildur7777: folds 
hareman_lip: folds 
WhaLucky: folds 
kose16: raises 500 to 750
yid46: calls 750
Gabrielfs13: folds 
w4lker22: calls 750
fred_vasco: folds 
Whoizhe2: folds 
*** FLOP *** [5s 8s Jh]
kose16: checks 
yid46: checks 
w4lker22: checks 
*** TURN *** [5s 8s Jh] [Kh]
kose16: checks 
yid46: checks 
w4lker22: checks 
*** RIVER *** [5s 8s Jh Kh] [2s]
kose16: checks 
yid46: checks 
w4lker22: checks 
*** SHOW DOWN ***
kose16: shows [Qd Ac] (high card Ace)
yid46: shows [8d Ad] (a pair of Eights)
w4lker22: shows [Td Th] (a pair of Tens)
w4lker22 collected 2895 from pot
*** SUMMARY ***
Total pot 2895 | Rake 0 
Board [5s 8s Jh Kh 2s]
Seat 1: w4lker22 (button) showed [Td Th] and won (2895) with a pair of Tens
Seat 2: fred_vasco (small blind) folded before Flop
Seat 3: Whoizhe2 (big blind) folded before Flop
Seat 4: Isildur7777 folded before Flop (didn't bet)
Seat 5: hareman_lip folded before Flop (didn't bet)
Seat 6: WhaLucky folded before Flop (didn't bet)
Seat 7: kose16 showed [Qd Ac] and lost with high card Ace
Seat 8: yid46 showed [8d Ad] and lost with a pair of Eights
Seat 9: Gabrielfs13 folded before Flop (didn't bet)



PokerStars Hand #257087305847: Tournament #3911959428, $7.20+$7.50+$1.80 USD Hold'em No Limit - Level VII (125/250) - 2025/07/25 17:35:08 BRT [2025/07/25 16:35:08 ET]
Table '3911959428 10' 9-max Seat #2 is the button
Seat 1: w4lker22 (22115 in chips, $11.25 bounty) 
Seat 2: fred_vasco (9033 in chips, $7.50 bounty) 
Seat 3: Whoizhe2 (6965 in chips, $7.50 bounty) 
Seat 4: Isildur7777 (8415 in chips, $7.50 bounty) 
Seat 5: hareman_lip (2718 in chips, $7.50 bounty) 
Seat 6: WhaLucky (10246 in chips, $7.50 bounty) 
Seat 7: kose16 (14642 in chips, $7.50 bounty) 
Seat 8: yid46 (16795 in chips, $7.50 bounty) 
Seat 9: Gabrielfs13 (9400 in chips, $7.50 bounty) 
w4lker22: posts the ante 30
fred_vasco: posts the ante 30
Whoizhe2: posts the ante 30
Isildur7777: posts the ante 30
hareman_lip: posts the ante 30
WhaLucky: posts the ante 30
kose16: posts the ante 30
yid46: posts the ante 30
Gabrielfs13: posts the ante 30
Whoizhe2: posts small blind 125
Isildur7777: posts big blind 250
*** HOLE CARDS ***
Dealt to Gabrielfs13 [Td Th]
hareman_lip: raises 250 to 500
WhaLucky: folds 
kose16: folds 
yid46: folds 
Gabrielfs13: raises 500 to 1000
w4lker22: folds 
fred_vasco: folds 
Whoizhe2: folds 
Isildur7777: folds 
hareman_lip: folds 
Uncalled bet (500) returned to Gabrielfs13
Gabrielfs13 collected 1645 from pot
Gabrielfs13: doesn't show hand 
*** SUMMARY ***
Total pot 1645 | Rake 0 
Seat 1: w4lker22 folded before Flop (didn't bet)
Seat 2: fred_vasco (button) folded before Flop (didn't bet)
Seat 3: Whoizhe2 (small blind) folded before Flop
Seat 4: Isildur7777 (big blind) folded before Flop
Seat 5: hareman_lip folded before Flop
Seat 6: WhaLucky folded before Flop (didn't bet)
Seat 7: kose16 folded before Flop (didn't bet)
Seat 8: yid46 folded before Flop (didn't bet)
Seat 9: Gabrielfs13 collected (1645)



PokerStars Hand #257087320508: Tournament #3911959428, $7.20+$7.50+$1.80 USD Hold'em No Limit - Level VII (125/250) - 2025/07/25 17:36:09 BRT [2025/07/25 16:36:09 ET]
Table '3911959428 10' 9-max Seat #3 is the button
Seat 1: w4lker22 (22085 in chips, $11.25 bounty) 
Seat 2: fred_vasco (9003 in chips, $7.50 bounty) 
Seat 3: Whoizhe2 (6810 in chips, $7.50 bounty) 
Seat 4: Isildur7777 (8135 in chips, $7.50 bounty) 
Seat 5: hareman_lip (2188 in chips, $7.50 bounty) 
Seat 6: WhaLucky (10216 in chips, $7.50 bounty) 
Seat 7: kose16 (14612 in chips, $7.50 bounty) 
Seat 8: yid46 (16765 in chips, $7.50 bounty) 
Seat 9: Gabrielfs13 (10515 in chips, $7.50 bounty) 
w4lker22: posts the ante 30
fred_vasco: posts the ante 30
Whoizhe2: posts the ante 30
Isildur7777: posts the ante 30
hareman_lip: posts the ante 30
WhaLucky: posts the ante 30
kose16: posts the ante 30
yid46: posts the ante 30
Gabrielfs13: posts the ante 30
Isildur7777: posts small blind 125
hareman_lip: posts big blind 250
*** HOLE CARDS ***
Dealt to Gabrielfs13 [5d 9s]
WhaLucky: raises 250 to 500
kose16: folds 
yid46: calls 500
Gabrielfs13: folds 
w4lker22: raises 1750 to 2250
fred_vasco: folds 
Whoizhe2: folds 
Isildur7777: folds 
hareman_lip: folds 
WhaLucky: folds 
yid46: calls 1750
*** FLOP *** [9h 7c 3s]
yid46: checks 
w4lker22: bets 3102
yid46: folds 
Uncalled bet (3102) returned to w4lker22
w4lker22 collected 5645 from pot
w4lker22: doesn't show hand 
*** SUMMARY ***
Total pot 5645 | Rake 0 
Board [9h 7c 3s]
Seat 1: w4lker22 collected (5645)
Seat 2: fred_vasco folded before Flop (didn't bet)
Seat 3: Whoizhe2 (button) folded before Flop (didn't bet)
Seat 4: Isildur7777 (small blind) folded before Flop
Seat 5: hareman_lip (big blind) folded before Flop
Seat 6: WhaLucky folded before Flop
Seat 7: kose16 folded before Flop (didn't bet)
Seat 8: yid46 folded on the Flop
Seat 9: Gabrielfs13 folded before Flop (didn't bet)



PokerStars Hand #257087338062: Tournament #3911959428, $7.20+$7.50+$1.80 USD Hold'em No Limit - Level VII (125/250) - 2025/07/25 17:37:21 BRT [2025/07/25 16:37:21 ET]
Table '3911959428 10' 9-max Seat #4 is the button
Seat 1: w4lker22 (25450 in chips, $11.25 bounty) 
Seat 2: fred_vasco (8973 in chips, $7.50 bounty) 
Seat 3: Whoizhe2 (6780 in chips, $7.50 bounty) 
Seat 4: Isildur7777 (7980 in chips, $7.50 bounty) 
Seat 5: hareman_lip (1908 in chips, $7.50 bounty) 
Seat 6: WhaLucky (9686 in chips, $7.50 bounty) 
Seat 7: kose16 (14582 in chips, $7.50 bounty) 
Seat 8: yid46 (14485 in chips, $7.50 bounty) 
Seat 9: Gabrielfs13 (10485 in chips, $7.50 bounty) 
w4lker22: posts the ante 30
fred_vasco: posts the ante 30
Whoizhe2: posts the ante 30
Isildur7777: posts the ante 30
hareman_lip: posts the ante 30
WhaLucky: posts the ante 30
kose16: posts the ante 30
yid46: posts the ante 30
Gabrielfs13: posts the ante 30
hareman_lip: posts small blind 125
WhaLucky: posts big blind 250
*** HOLE CARDS ***
Dealt to Gabrielfs13 [Jc 6s]
kose16: folds 
yid46: folds 
Gabrielfs13: folds 
w4lker22: folds 
fred_vasco: folds 
Whoizhe2: folds 
Isildur7777: raises 250 to 500
hareman_lip: folds 
WhaLucky: calls 250
*** FLOP *** [5s Ac 9c]
WhaLucky: checks 
Isildur7777: bets 460
WhaLucky: calls 460
*** TURN *** [5s Ac 9c] [8s]
WhaLucky: bets 1852
Isildur7777: folds 
Uncalled bet (1852) returned to WhaLucky
WhaLucky collected 2315 from pot
WhaLucky: doesn't show hand 
*** SUMMARY ***
Total pot 2315 | Rake 0 
Board [5s Ac 9c 8s]
Seat 1: w4lker22 folded before Flop (didn't bet)
Seat 2: fred_vasco folded before Flop (didn't bet)
Seat 3: Whoizhe2 folded before Flop (didn't bet)
Seat 4: Isildur7777 (button) folded on the Turn
Seat 5: hareman_lip (small blind) folded before Flop
Seat 6: WhaLucky (big blind) collected (2315)
Seat 7: kose16 folded before Flop (didn't bet)
Seat 8: yid46 folded before Flop (didn't bet)
Seat 9: Gabrielfs13 folded before Flop (didn't bet)



PokerStars Hand #257087355339: Tournament #3911959428, $7.20+$7.50+$1.80 USD Hold'em No Limit - Level VII (125/250) - 2025/07/25 17:38:33 BRT [2025/07/25 16:38:33 ET]
Table '3911959428 10' 9-max Seat #5 is the button
Seat 1: w4lker22 (25420 in chips, $11.25 bounty) 
Seat 2: fred_vasco (8943 in chips, $7.50 bounty) 
Seat 3: Whoizhe2 (6750 in chips, $7.50 bounty) 
Seat 4: Isildur7777 (6990 in chips, $7.50 bounty) 
Seat 5: hareman_lip (1753 in chips, $7.50 bounty) 
Seat 6: WhaLucky (11011 in chips, $7.50 bounty) 
Seat 7: kose16 (14552 in chips, $7.50 bounty) 
Seat 8: yid46 (14455 in chips, $7.50 bounty) 
Seat 9: Gabrielfs13 (10455 in chips, $7.50 bounty) 
w4lker22: posts the ante 30
fred_vasco: posts the ante 30
Whoizhe2: posts the ante 30
Isildur7777: posts the ante 30
hareman_lip: posts the ante 30
WhaLucky: posts the ante 30
kose16: posts the ante 30
yid46: posts the ante 30
Gabrielfs13: posts the ante 30
WhaLucky: posts small blind 125
kose16: posts big blind 250
*** HOLE CARDS ***
Dealt to Gabrielfs13 [2c Jc]
yid46: folds 
Gabrielfs13: folds 
w4lker22: folds 
fred_vasco: raises 300 to 550
Whoizhe2: folds 
Isildur7777: raises 950 to 1500
hareman_lip: folds 
WhaLucky: folds 
kose16: folds 
fred_vasco: calls 950
*** FLOP *** [3c 7s 5s]
fred_vasco: checks 
Isildur7777: bets 5460 and is all-in
fred_vasco: calls 5460
*** TURN *** [3c 7s 5s] [3s]
*** RIVER *** [3c 7s 5s 3s] [2h]
*** SHOW DOWN ***
fred_vasco: shows [5c Ac] (two pair, Fives and Threes)
Isildur7777: shows [Qc Ad] (a pair of Threes)
fred_vasco collected 14565 from pot
fred_vasco wins $3.75 for eliminating Isildur7777 and their own bounty increases by $3.75 to $11.25
Isildur7777 finished the tournament
*** SUMMARY ***
Total pot 14565 | Rake 0 
Board [3c 7s 5s 3s 2h]
Seat 1: w4lker22 folded before Flop (didn't bet)
Seat 2: fred_vasco showed [5c Ac] and won (14565) with two pair, Fives and Threes
Seat 3: Whoizhe2 folded before Flop (didn't bet)
Seat 4: Isildur7777 showed [Qc Ad] and lost with a pair of Threes
Seat 5: hareman_lip (button) folded before Flop (didn't bet)
Seat 6: WhaLucky (small blind) folded before Flop
Seat 7: kose16 (big blind) folded before Flop
Seat 8: yid46 folded before Flop (didn't bet)
Seat 9: Gabrielfs13 folded before Flop (didn't bet)



PokerStars Hand #257087383120: Tournament #3911959428, $7.20+$7.50+$1.80 USD Hold'em No Limit - Level VII (125/250) - 2025/07/25 17:40:28 BRT [2025/07/25 16:40:28 ET]
Table '3911959428 13' 9-max Seat #5 is the button
Seat 1: paulsandilands5 (15004 in chips, $7.50 bounty) 
Seat 2: p01-k0 (13078 in chips, $7.50 bounty) 
Seat 3: Spice_est (6048 in chips, $7.50 bounty) 
Seat 4: ALEX_kingpk (18874 in chips, $7.50 bounty) 
Seat 5: Coreynowisky2 (16315 in chips, $7.50 bounty) 
Seat 6: K.C2410 (10841 in chips, $9.37 bounty) 
Seat 7: Xanderz24 (10741 in chips, $7.50 bounty) 
Seat 8: Gabrielfs13 (10425 in chips, $7.50 bounty) 
Seat 9: datgui (9165 in chips, $7.50 bounty) 
paulsandilands5: posts the ante 30
p01-k0: posts the ante 30
Spice_est: posts the ante 30
ALEX_kingpk: posts the ante 30
Coreynowisky2: posts the ante 30
K.C2410: posts the ante 30
Xanderz24: posts the ante 30
Gabrielfs13: posts the ante 30
datgui: posts the ante 30
K.C2410: posts small blind 125
Xanderz24: posts big blind 250
*** HOLE CARDS ***
Dealt to Gabrielfs13 [Ts 6c]
Gabrielfs13: folds 
datgui: folds 
paulsandilands5: calls 250
p01-k0: raises 625 to 875
Spice_est: folds 
ALEX_kingpk: calls 875
Coreynowisky2: folds 
K.C2410: folds 
Xanderz24: calls 625
paulsandilands5: calls 625
*** FLOP *** [8h Ah Ac]
Xanderz24: checks 
paulsandilands5: checks 
p01-k0: bets 1285
ALEX_kingpk: folds 
Xanderz24: folds 
paulsandilands5: folds 
Uncalled bet (1285) returned to p01-k0
p01-k0 collected 3895 from pot
p01-k0: doesn't show hand 
*** SUMMARY ***
Total pot 3895 | Rake 0 
Board [8h Ah Ac]
Seat 1: paulsandilands5 folded on the Flop
Seat 2: p01-k0 collected (3895)
Seat 3: Spice_est folded before Flop (didn't bet)
Seat 4: ALEX_kingpk folded on the Flop
Seat 5: Coreynowisky2 (button) folded before Flop (didn't bet)
Seat 6: K.C2410 (small blind) folded before Flop
Seat 7: Xanderz24 (big blind) folded on the Flop
Seat 8: Gabrielfs13 folded before Flop (didn't bet)
Seat 9: datgui folded before Flop (didn't bet)



PokerStars Hand #257087403225: Tournament #3911959428, $7.20+$7.50+$1.80 USD Hold'em No Limit - Level VIII (150/300) - 2025/07/25 17:41:51 BRT [2025/07/25 16:41:51 ET]
Table '3911959428 13' 9-max Seat #6 is the button
Seat 1: paulsandilands5 (14099 in chips, $7.50 bounty) 
Seat 2: p01-k0 (16068 in chips, $7.50 bounty) 
Seat 3: Spice_est (6018 in chips, $7.50 bounty) 
Seat 4: ALEX_kingpk (17969 in chips, $7.50 bounty) 
Seat 5: Coreynowisky2 (16285 in chips, $7.50 bounty) 
Seat 6: K.C2410 (10686 in chips, $9.37 bounty) 
Seat 7: Xanderz24 (9836 in chips, $7.50 bounty) 
Seat 8: Gabrielfs13 (10395 in chips, $7.50 bounty) 
Seat 9: datgui (9135 in chips, $7.50 bounty) 
paulsandilands5: posts the ante 40
p01-k0: posts the ante 40
Spice_est: posts the ante 40
ALEX_kingpk: posts the ante 40
Coreynowisky2: posts the ante 40
K.C2410: posts the ante 40
Xanderz24: posts the ante 40
Gabrielfs13: posts the ante 40
datgui: posts the ante 40
Xanderz24: posts small blind 150
Gabrielfs13: posts big blind 300
*** HOLE CARDS ***
Dealt to Gabrielfs13 [4s Jc]
datgui: folds 
paulsandilands5: calls 300
p01-k0: folds 
Spice_est: folds 
ALEX_kingpk: calls 300
Coreynowisky2: folds 
K.C2410: folds 
Xanderz24: folds 
Gabrielfs13: checks 
*** FLOP *** [8c 3c 9d]
Gabrielfs13: checks 
paulsandilands5: checks 
ALEX_kingpk: checks 
*** TURN *** [8c 3c 9d] [Th]
Gabrielfs13: checks 
paulsandilands5: checks 
ALEX_kingpk: bets 1065
Gabrielfs13: folds 
paulsandilands5: calls 1065
*** RIVER *** [8c 3c 9d Th] [2d]
paulsandilands5: bets 2700
ALEX_kingpk: folds 
Uncalled bet (2700) returned to paulsandilands5
paulsandilands5 collected 3540 from pot
*** SUMMARY ***
Total pot 3540 | Rake 0 
Board [8c 3c 9d Th 2d]
Seat 1: paulsandilands5 collected (3540)
Seat 2: p01-k0 folded before Flop (didn't bet)
Seat 3: Spice_est folded before Flop (didn't bet)
Seat 4: ALEX_kingpk folded on the River
Seat 5: Coreynowisky2 folded before Flop (didn't bet)
Seat 6: K.C2410 (button) folded before Flop (didn't bet)
Seat 7: Xanderz24 (small blind) folded before Flop
Seat 8: Gabrielfs13 (big blind) folded on the Turn
Seat 9: datgui folded before Flop (didn't bet)



PokerStars Hand #257087427047: Tournament #3911959428, $7.20+$7.50+$1.80 USD Hold'em No Limit - Level VIII (150/300) - 2025/07/25 17:43:31 BRT [2025/07/25 16:43:31 ET]
Table '3911959428 13' 9-max Seat #7 is the button
Seat 1: paulsandilands5 (16234 in chips, $7.50 bounty) 
Seat 2: p01-k0 (16028 in chips, $7.50 bounty) 
Seat 3: Spice_est (5978 in chips, $7.50 bounty) 
Seat 4: ALEX_kingpk (16564 in chips, $7.50 bounty) 
Seat 5: Coreynowisky2 (16245 in chips, $7.50 bounty) 
Seat 6: K.C2410 (10646 in chips, $9.37 bounty) 
Seat 7: Xanderz24 (9646 in chips, $7.50 bounty) 
Seat 8: Gabrielfs13 (10055 in chips, $7.50 bounty) 
Seat 9: datgui (9095 in chips, $7.50 bounty) 
paulsandilands5: posts the ante 40
p01-k0: posts the ante 40
Spice_est: posts the ante 40
ALEX_kingpk: posts the ante 40
Coreynowisky2: posts the ante 40
K.C2410: posts the ante 40
Xanderz24: posts the ante 40
Gabrielfs13: posts the ante 40
datgui: posts the ante 40
Gabrielfs13: posts small blind 150
datgui: posts big blind 300
*** HOLE CARDS ***
Dealt to Gabrielfs13 [2h 2d]
paulsandilands5: folds 
p01-k0: folds 
Spice_est: raises 300 to 600
ALEX_kingpk: folds 
Coreynowisky2: folds 
K.C2410: calls 600
Xanderz24: calls 600
Gabrielfs13 has timed out
Gabrielfs13: folds 
Gabrielfs13 is sitting out
Gabrielfs13 has returned
datgui: calls 300
*** FLOP *** [9d Tc Ah]
datgui: checks 
Spice_est: bets 1455
K.C2410: folds 
Xanderz24: folds 
datgui: folds 
Uncalled bet (1455) returned to Spice_est
Spice_est collected 2910 from pot
Spice_est: doesn't show hand 
*** SUMMARY ***
Total pot 2910 | Rake 0 
Board [9d Tc Ah]
Seat 1: paulsandilands5 folded before Flop (didn't bet)
Seat 2: p01-k0 folded before Flop (didn't bet)
Seat 3: Spice_est collected (2910)
Seat 4: ALEX_kingpk folded before Flop (didn't bet)
Seat 5: Coreynowisky2 folded before Flop (didn't bet)
Seat 6: K.C2410 folded on the Flop
Seat 7: Xanderz24 (button) folded on the Flop
Seat 8: Gabrielfs13 (small blind) folded before Flop
Seat 9: datgui (big blind) folded on the Flop



PokerStars Hand #257087454296: Tournament #3911959428, $7.20+$7.50+$1.80 USD Hold'em No Limit - Level VIII (150/300) - 2025/07/25 17:45:24 BRT [2025/07/25 16:45:24 ET]
Table '3911959428 13' 9-max Seat #8 is the button
Seat 1: paulsandilands5 (16194 in chips, $7.50 bounty) 
Seat 2: p01-k0 (15988 in chips, $7.50 bounty) 
Seat 3: Spice_est (8248 in chips, $7.50 bounty) 
Seat 4: ALEX_kingpk (16524 in chips, $7.50 bounty) 
Seat 5: Coreynowisky2 (16205 in chips, $7.50 bounty) 
Seat 6: K.C2410 (10006 in chips, $9.37 bounty) 
Seat 7: Xanderz24 (9006 in chips, $7.50 bounty) 
Seat 8: Gabrielfs13 (9865 in chips, $7.50 bounty) 
Seat 9: datgui (8455 in chips, $7.50 bounty) 
paulsandilands5: posts the ante 40
p01-k0: posts the ante 40
Spice_est: posts the ante 40
ALEX_kingpk: posts the ante 40
Coreynowisky2: posts the ante 40
K.C2410: posts the ante 40
Xanderz24: posts the ante 40
Gabrielfs13: posts the ante 40
datgui: posts the ante 40
datgui: posts small blind 150
paulsandilands5: posts big blind 300
*** HOLE CARDS ***
Dealt to Gabrielfs13 [As 7d]
p01-k0: raises 300 to 600
Spice_est: folds 
ALEX_kingpk: folds 
Coreynowisky2: folds 
K.C2410: folds 
Xanderz24: folds 
Gabrielfs13: folds 
datgui: folds 
paulsandilands5: calls 300
*** FLOP *** [3s Qc Kd]
paulsandilands5: bets 2100
p01-k0: folds 
Uncalled bet (2100) returned to paulsandilands5
paulsandilands5 collected 1710 from pot
*** SUMMARY ***
Total pot 1710 | Rake 0 
Board [3s Qc Kd]
Seat 1: paulsandilands5 (big blind) collected (1710)
Seat 2: p01-k0 folded on the Flop
Seat 3: Spice_est folded before Flop (didn't bet)
Seat 4: ALEX_kingpk folded before Flop (didn't bet)
Seat 5: Coreynowisky2 folded before Flop (didn't bet)
Seat 6: K.C2410 folded before Flop (didn't bet)
Seat 7: Xanderz24 folded before Flop (didn't bet)
Seat 8: Gabrielfs13 (button) folded before Flop (didn't bet)
Seat 9: datgui (small blind) folded before Flop



PokerStars Hand #257087470083: Tournament #3911959428, $7.20+$7.50+$1.80 USD Hold'em No Limit - Level VIII (150/300) - 2025/07/25 17:46:29 BRT [2025/07/25 16:46:29 ET]
Table '3911959428 13' 9-max Seat #9 is the button
Seat 1: paulsandilands5 (17264 in chips, $7.50 bounty) 
Seat 2: p01-k0 (15348 in chips, $7.50 bounty) 
Seat 3: Spice_est (8208 in chips, $7.50 bounty) 
Seat 4: ALEX_kingpk (16484 in chips, $7.50 bounty) 
Seat 6: K.C2410 (9966 in chips, $9.37 bounty) 
Seat 7: Xanderz24 (8966 in chips, $7.50 bounty) 
Seat 8: Gabrielfs13 (9825 in chips, $7.50 bounty) 
Seat 9: datgui (8265 in chips, $7.50 bounty) 
paulsandilands5: posts the ante 40
p01-k0: posts the ante 40
Spice_est: posts the ante 40
ALEX_kingpk: posts the ante 40
K.C2410: posts the ante 40
Xanderz24: posts the ante 40
Gabrielfs13: posts the ante 40
datgui: posts the ante 40
paulsandilands5: posts small blind 150
p01-k0: posts big blind 300
*** HOLE CARDS ***
Dealt to Gabrielfs13 [7d 4c]
Spice_est: raises 300 to 600
ALEX_kingpk: raises 990 to 1590
K.C2410: folds 
Xanderz24: folds 
Gabrielfs13: folds 
datgui: folds 
paulsandilands5: calls 1440
p01-k0: folds 
Spice_est: calls 990
*** FLOP *** [Js Qh Ad]
paulsandilands5: checks 
Spice_est: checks 
ALEX_kingpk: bets 14854 and is all-in
paulsandilands5: folds 
Spice_est: folds 
Uncalled bet (14854) returned to ALEX_kingpk
ALEX_kingpk collected 5390 from pot
ALEX_kingpk: doesn't show hand 
*** SUMMARY ***
Total pot 5390 | Rake 0 
Board [Js Qh Ad]
Seat 1: paulsandilands5 (small blind) folded on the Flop
Seat 2: p01-k0 (big blind) folded before Flop
Seat 3: Spice_est folded on the Flop
Seat 4: ALEX_kingpk collected (5390)
Seat 6: K.C2410 folded before Flop (didn't bet)
Seat 7: Xanderz24 folded before Flop (didn't bet)
Seat 8: Gabrielfs13 folded before Flop (didn't bet)
Seat 9: datgui (button) folded before Flop (didn't bet)



PokerStars Hand #257087491924: Tournament #3911959428, $7.20+$7.50+$1.80 USD Hold'em No Limit - Level VIII (150/300) - 2025/07/25 17:47:58 BRT [2025/07/25 16:47:58 ET]
Table '3911959428 13' 9-max Seat #1 is the button
Seat 1: paulsandilands5 (15634 in chips, $7.50 bounty) 
Seat 2: p01-k0 (15008 in chips, $7.50 bounty) 
Seat 3: Spice_est (6578 in chips, $7.50 bounty) 
Seat 4: ALEX_kingpk (20244 in chips, $7.50 bounty) 
Seat 6: K.C2410 (9926 in chips, $9.37 bounty) 
Seat 7: Xanderz24 (8926 in chips, $7.50 bounty) 
Seat 8: Gabrielfs13 (9785 in chips, $7.50 bounty) 
Seat 9: datgui (8225 in chips, $7.50 bounty) 
paulsandilands5: posts the ante 40
p01-k0: posts the ante 40
Spice_est: posts the ante 40
ALEX_kingpk: posts the ante 40
K.C2410: posts the ante 40
Xanderz24: posts the ante 40
Gabrielfs13: posts the ante 40
datgui: posts the ante 40
p01-k0: posts small blind 150
Spice_est: posts big blind 300
*** HOLE CARDS ***
Dealt to Gabrielfs13 [Qh Jd]
ALEX_kingpk: folds 
K.C2410: folds 
Xanderz24: folds 
Gabrielfs13: raises 300 to 600
datgui: raises 900 to 1500
paulsandilands5: folds 
p01-k0: folds 
Spice_est: folds 
Gabrielfs13: folds 
Uncalled bet (900) returned to datgui
datgui collected 1970 from pot
datgui: doesn't show hand 
*** SUMMARY ***
Total pot 1970 | Rake 0 
Seat 1: paulsandilands5 (button) folded before Flop (didn't bet)
Seat 2: p01-k0 (small blind) folded before Flop
Seat 3: Spice_est (big blind) folded before Flop
Seat 4: ALEX_kingpk folded before Flop (didn't bet)
Seat 6: K.C2410 folded before Flop (didn't bet)
Seat 7: Xanderz24 folded before Flop (didn't bet)
Seat 8: Gabrielfs13 folded before Flop
Seat 9: datgui collected (1970)



PokerStars Hand #257087507552: Tournament #3911959428, $7.20+$7.50+$1.80 USD Hold'em No Limit - Level VIII (150/300) - 2025/07/25 17:49:02 BRT [2025/07/25 16:49:02 ET]
Table '3911959428 13' 9-max Seat #2 is the button
Seat 1: paulsandilands5 (15594 in chips, $7.50 bounty) 
Seat 2: p01-k0 (14818 in chips, $7.50 bounty) 
Seat 3: Spice_est (6238 in chips, $7.50 bounty) 
Seat 4: ALEX_kingpk (20204 in chips, $7.50 bounty) 
Seat 6: K.C2410 (9886 in chips, $9.37 bounty) 
Seat 7: Xanderz24 (8886 in chips, $7.50 bounty) 
Seat 8: Gabrielfs13 (9145 in chips, $7.50 bounty) 
Seat 9: datgui (9555 in chips, $7.50 bounty) 
paulsandilands5: posts the ante 40
p01-k0: posts the ante 40
Spice_est: posts the ante 40
ALEX_kingpk: posts the ante 40
K.C2410: posts the ante 40
Xanderz24: posts the ante 40
Gabrielfs13: posts the ante 40
datgui: posts the ante 40
Spice_est: posts small blind 150
ALEX_kingpk: posts big blind 300
*** HOLE CARDS ***
Dealt to Gabrielfs13 [7s 9s]
K.C2410: raises 600 to 900
Xanderz24: raises 1350 to 2250
Gabrielfs13: folds 
datgui: folds 
paulsandilands5: calls 2250
p01-k0: folds 
Spice_est: folds 
ALEX_kingpk: folds 
K.C2410: calls 1350
*** FLOP *** [5s 7d 8s]
K.C2410: checks 
Xanderz24: bets 6596 and is all-in
paulsandilands5: folds 
K.C2410: calls 6596
*** TURN *** [5s 7d 8s] [6s]
*** RIVER *** [5s 7d 8s 6s] [7h]
*** SHOW DOWN ***
K.C2410: shows [5c 5h] (a full house, Fives full of Sevens)
Xanderz24: shows [Ac As] (two pair, Aces and Sevens)
K.C2410 collected 20712 from pot
K.C2410 wins $3.75 for eliminating Xanderz24 and their own bounty increases by $3.75 to $13.12
Xanderz24 finished the tournament
*** SUMMARY ***
Total pot 20712 | Rake 0 
Board [5s 7d 8s 6s 7h]
Seat 1: paulsandilands5 folded on the Flop
Seat 2: p01-k0 (button) folded before Flop (didn't bet)
Seat 3: Spice_est (small blind) folded before Flop
Seat 4: ALEX_kingpk (big blind) folded before Flop
Seat 6: K.C2410 showed [5c 5h] and won (20712) with a full house, Fives full of Sevens
Seat 7: Xanderz24 showed [Ac As] and lost with two pair, Aces and Sevens
Seat 8: Gabrielfs13 folded before Flop (didn't bet)
Seat 9: datgui folded before Flop (didn't bet)



PokerStars Hand #257087526356: Tournament #3911959428, $7.20+$7.50+$1.80 USD Hold'em No Limit - Level VIII (150/300) - 2025/07/25 17:50:20 BRT [2025/07/25 16:50:20 ET]
Table '3911959428 13' 9-max Seat #3 is the button
Seat 1: paulsandilands5 (13304 in chips, $7.50 bounty) 
Seat 2: p01-k0 (14778 in chips, $7.50 bounty) 
Seat 3: Spice_est (6048 in chips, $7.50 bounty) 
Seat 4: ALEX_kingpk (19864 in chips, $7.50 bounty) 
Seat 6: K.C2410 (21712 in chips, $13.12 bounty) 
Seat 8: Gabrielfs13 (9105 in chips, $7.50 bounty) 
Seat 9: datgui (9515 in chips, $7.50 bounty) 
paulsandilands5: posts the ante 40
p01-k0: posts the ante 40
Spice_est: posts the ante 40
ALEX_kingpk: posts the ante 40
K.C2410: posts the ante 40
Gabrielfs13: posts the ante 40
datgui: posts the ante 40
ALEX_kingpk: posts small blind 150
K.C2410: posts big blind 300
*** HOLE CARDS ***
Dealt to Gabrielfs13 [6c 4s]
08621 is disconnected 
TopLobster is disconnected 
Gabrielfs13 has timed out
Gabrielfs13: folds 
Gabrielfs13 is sitting out
Gabrielfs13 has returned
datgui: raises 300 to 600
paulsandilands5: calls 600
p01-k0: folds 
Spice_est: folds 
ALEX_kingpk: folds 
K.C2410: calls 300
*** FLOP *** [7d Kd 4h]
K.C2410: checks 
datgui: bets 669
paulsandilands5: calls 669
K.C2410: folds 
*** TURN *** [7d Kd 4h] [2s]
datgui: checks 
paulsandilands5: bets 3600
datgui: raises 4606 to 8206 and is all-in
paulsandilands5: folds 
Uncalled bet (4606) returned to datgui
datgui collected 10768 from pot
datgui: doesn't show hand 
*** SUMMARY ***
Total pot 10768 | Rake 0 
Board [7d Kd 4h 2s]
Seat 1: paulsandilands5 folded on the Turn
Seat 2: p01-k0 folded before Flop (didn't bet)
Seat 3: Spice_est (button) folded before Flop (didn't bet)
Seat 4: ALEX_kingpk (small blind) folded before Flop
Seat 6: K.C2410 (big blind) folded on the Flop
Seat 8: Gabrielfs13 folded before Flop (didn't bet)
Seat 9: datgui collected (10768)



PokerStars Hand #257087549027: Tournament #3911959428, $7.20+$7.50+$1.80 USD Hold'em No Limit - Level IX (200/400) - 2025/07/25 17:51:55 BRT [2025/07/25 16:51:55 ET]
Table '3911959428 13' 9-max Seat #4 is the button
Seat 1: paulsandilands5 (8395 in chips, $7.50 bounty) 
Seat 2: p01-k0 (14738 in chips, $7.50 bounty) 
Seat 3: Spice_est (6008 in chips, $7.50 bounty) 
Seat 4: ALEX_kingpk (19674 in chips, $7.50 bounty) 
Seat 5: 08621 (18651 in chips) out of hand (moved from another table into small blind)
Seat 6: K.C2410 (21072 in chips, $13.12 bounty) 
Seat 7: TopLobster (27907 in chips, $7.50 bounty) 
Seat 8: Gabrielfs13 (9065 in chips, $7.50 bounty) 
Seat 9: datgui (15374 in chips, $7.50 bounty) 
08621 will be allowed to play after the button
paulsandilands5: posts the ante 50
p01-k0: posts the ante 50
Spice_est: posts the ante 50
ALEX_kingpk: posts the ante 50
K.C2410: posts the ante 50
TopLobster: posts the ante 50
Gabrielfs13: posts the ante 50
datgui: posts the ante 50
K.C2410: posts small blind 200
TopLobster: posts big blind 400
*** HOLE CARDS ***
Dealt to Gabrielfs13 [Ac Kd]
Gabrielfs13: raises 400 to 800
datgui: folds 
paulsandilands5: calls 800
p01-k0: folds 
Spice_est: folds 
ALEX_kingpk: folds 
K.C2410: folds 
TopLobster: calls 400
*** FLOP *** [5h Td 6c]
TopLobster: checks 
Gabrielfs13: bets 1500
paulsandilands5: calls 1500
TopLobster: calls 1500
*** TURN *** [5h Td 6c] [Tc]
TopLobster: checks 
Gabrielfs13: bets 6715 and is all-in
paulsandilands5: folds 
TopLobster: calls 6715
*** RIVER *** [5h Td 6c Tc] [7h]
*** SHOW DOWN ***
TopLobster: shows [Th 9s] (three of a kind, Tens)
Gabrielfs13: shows [Ac Kd] (a pair of Tens)
TopLobster collected 20930 from pot
TopLobster wins $3.75 for eliminating Gabrielfs13 and their own bounty increases by $3.75 to $11.25
Gabrielfs13 finished the tournament
*** SUMMARY ***
Total pot 20930 | Rake 0 
Board [5h Td 6c Tc 7h]
Seat 1: paulsandilands5 folded on the Turn
Seat 2: p01-k0 folded before Flop (didn't bet)
Seat 3: Spice_est folded before Flop (didn't bet)
Seat 4: ALEX_kingpk (button) folded before Flop (didn't bet)
Seat 6: K.C2410 (small blind) folded before Flop
Seat 7: TopLobster (big blind) showed [Th 9s] and won (20930) with three of a kind, Tens
Seat 8: Gabrielfs13 showed [Ac Kd] and lost with a pair of Tens
Seat 9: datgui folded before Flop (didn't bet)



