PokerStars Hand #257342090883: Tournament #3918386795, $1.44+$1.50+$0.36 USD Hold'em No Limit - Level III (35/70) - 2025/08/14 15:49:48 BRT [2025/08/14 14:49:48 ET]
Table '3918386795 10' 8-max Seat #7 is the button
Seat 1: littledave27 (247 in chips, $1.50 bounty) 
Seat 2: TOPOS28 (4949 in chips, $1.50 bounty) 
Seat 3: kkfjose1985 (4676 in chips, $1.50 bounty) 
Seat 4: MartinSGA1 (13480 in chips, $2.25 bounty) 
Seat 5: Kpierre081 (5164 in chips, $1.50 bounty) 
Seat 6: Gabrielfs13 (5000 in chips, $1.50 bounty) 
Seat 7: edelweiss229 (6632 in chips, $1.50 bounty) 
Seat 8: Johnelvis013 (15622 in chips, $2.62 bounty) 
littledave27: posts the ante 11
TOPOS28: posts the ante 11
kkfjose1985: posts the ante 11
MartinSGA1: posts the ante 11
Kpierre081: posts the ante 11
Gabrielfs13: posts the ante 11
edelweiss229: posts the ante 11
Johnelvis013: posts the ante 11
Johnelvis013: posts small blind 35
littledave27: posts big blind 70
*** HOLE CARDS ***
Dealt to Gabrielfs13 [Ac 3c]
TOPOS28: calls 70
kkfjose1985: raises 70 to 140
MartinSGA1: folds 
Kpierre081: folds 
Gabrielfs13: raises 350 to 490
edelweiss229: folds 
Johnelvis013: folds 
littledave27: calls 166 and is all-in
TOPOS28: folds 
kkfjose1985: calls 350
*** FLOP *** [Qs 6s 8d]
kkfjose1985: checks 
Gabrielfs13: checks 
*** TURN *** [Qs 6s 8d] [2c]
kkfjose1985: checks 
Gabrielfs13: checks 
*** RIVER *** [Qs 6s 8d 2c] [4h]
kkfjose1985: checks 
Gabrielfs13: checks 
*** SHOW DOWN ***
kkfjose1985: shows [5s As] (high card Ace)
Gabrielfs13: mucks hand 
kkfjose1985 collected 508 from side pot
littledave27: mucks hand 
kkfjose1985 collected 901 from main pot
kkfjose1985 wins $0.75 for eliminating littledave27 and their own bounty increases by $0.75 to $2.25
littledave27 finished the tournament
*** SUMMARY ***
Total pot 1409 Main pot 901. Side pot 508. | Rake 0 
Board [Qs 6s 8d 2c 4h]
Seat 1: littledave27 (big blind) mucked [5d 9d]
Seat 2: TOPOS28 folded before Flop
Seat 3: kkfjose1985 showed [5s As] and won (1409) with high card Ace
Seat 4: MartinSGA1 folded before Flop (didn't bet)
Seat 5: Kpierre081 folded before Flop (didn't bet)
Seat 6: Gabrielfs13 mucked [Ac 3c]
Seat 7: edelweiss229 (button) folded before Flop (didn't bet)
Seat 8: Johnelvis013 (small blind) folded before Flop



PokerStars Hand #257342109915: Tournament #3918386795, $1.44+$1.50+$0.36 USD Hold'em No Limit - Level III (35/70) - 2025/08/14 15:51:21 BRT [2025/08/14 14:51:21 ET]
Table '3918386795 10' 8-max Seat #8 is the button
Seat 2: TOPOS28 (4868 in chips, $1.50 bounty) 
Seat 3: kkfjose1985 (5584 in chips, $2.25 bounty) 
Seat 4: MartinSGA1 (13469 in chips, $2.25 bounty) 
Seat 5: Kpierre081 (5153 in chips, $1.50 bounty) 
Seat 6: Gabrielfs13 (4499 in chips, $1.50 bounty) 
Seat 7: edelweiss229 (6621 in chips, $1.50 bounty) 
Seat 8: Johnelvis013 (15576 in chips, $2.62 bounty) 
TOPOS28: posts the ante 11
kkfjose1985: posts the ante 11
MartinSGA1: posts the ante 11
Kpierre081: posts the ante 11
Gabrielfs13: posts the ante 11
edelweiss229: posts the ante 11
Johnelvis013: posts the ante 11
TOPOS28: posts small blind 35
kkfjose1985: posts big blind 70
*** HOLE CARDS ***
Dealt to Gabrielfs13 [As 2d]
one_rublik is disconnected 
MartinSGA1: folds 
Kpierre081: folds 
Gabrielfs13: folds 
edelweiss229: raises 70 to 140
Johnelvis013: calls 140
TOPOS28: folds 
kkfjose1985: calls 70
*** FLOP *** [8s 3s Td]
kkfjose1985: checks 
edelweiss229: checks 
Johnelvis013: bets 266
kkfjose1985: calls 266
edelweiss229: calls 266
*** TURN *** [8s 3s Td] [Jh]
kkfjose1985: checks 
edelweiss229: checks 
Johnelvis013: checks 
*** RIVER *** [8s 3s Td Jh] [Qc]
kkfjose1985: checks 
edelweiss229: checks 
Johnelvis013: checks 
*** SHOW DOWN ***
kkfjose1985: shows [Tc 3c] (two pair, Tens and Threes)
edelweiss229: mucks hand 
Johnelvis013: mucks hand 
kkfjose1985 collected 1330 from pot
*** SUMMARY ***
Total pot 1330 | Rake 0 
Board [8s 3s Td Jh Qc]
Seat 2: TOPOS28 (small blind) folded before Flop
Seat 3: kkfjose1985 (big blind) showed [Tc 3c] and won (1330) with two pair, Tens and Threes
Seat 4: MartinSGA1 folded before Flop (didn't bet)
Seat 5: Kpierre081 folded before Flop (didn't bet)
Seat 6: Gabrielfs13 folded before Flop (didn't bet)
Seat 7: edelweiss229 mucked [Js Kc]
Seat 8: Johnelvis013 (button) mucked [Ah 8c]



PokerStars Hand #257342135826: Tournament #3918386795, $1.44+$1.50+$0.36 USD Hold'em No Limit - Level III (35/70) - 2025/08/14 15:53:28 BRT [2025/08/14 14:53:28 ET]
Table '3918386795 10' 8-max Seat #2 is the button
Seat 1: one_rublik (5000 in chips, $1.50 bounty) 
Seat 2: TOPOS28 (4822 in chips, $1.50 bounty) 
Seat 3: kkfjose1985 (6497 in chips, $2.25 bounty) 
Seat 4: MartinSGA1 (13458 in chips, $2.25 bounty) 
Seat 5: Kpierre081 (5142 in chips, $1.50 bounty) 
Seat 6: Gabrielfs13 (4488 in chips, $1.50 bounty) 
Seat 7: edelweiss229 (6204 in chips, $1.50 bounty) 
Seat 8: Johnelvis013 (15159 in chips, $2.62 bounty) 
one_rublik: posts the ante 11
TOPOS28: posts the ante 11
kkfjose1985: posts the ante 11
MartinSGA1: posts the ante 11
Kpierre081: posts the ante 11
Gabrielfs13: posts the ante 11
edelweiss229: posts the ante 11
Johnelvis013: posts the ante 11
kkfjose1985: posts small blind 35
MartinSGA1: posts big blind 70
*** HOLE CARDS ***
Dealt to Gabrielfs13 [6h 8h]
Kpierre081: folds 
Gabrielfs13: folds 
edelweiss229: folds 
Johnelvis013: folds 
one_rublik: folds 
TOPOS28: raises 84 to 154
kkfjose1985: folds 
MartinSGA1: calls 84
*** FLOP *** [9s 9d 9c]
MartinSGA1: checks 
TOPOS28: bets 259
MartinSGA1: folds 
Uncalled bet (259) returned to TOPOS28
TOPOS28 collected 431 from pot
TOPOS28: doesn't show hand 
*** SUMMARY ***
Total pot 431 | Rake 0 
Board [9s 9d 9c]
Seat 1: one_rublik folded before Flop (didn't bet)
Seat 2: TOPOS28 (button) collected (431)
Seat 3: kkfjose1985 (small blind) folded before Flop
Seat 4: MartinSGA1 (big blind) folded on the Flop
Seat 5: Kpierre081 folded before Flop (didn't bet)
Seat 6: Gabrielfs13 folded before Flop (didn't bet)
Seat 7: edelweiss229 folded before Flop (didn't bet)
Seat 8: Johnelvis013 folded before Flop (didn't bet)



PokerStars Hand #257342147971: Tournament #3918386795, $1.44+$1.50+$0.36 USD Hold'em No Limit - Level IV (40/80) - 2025/08/14 15:54:28 BRT [2025/08/14 14:54:28 ET]
Table '3918386795 10' 8-max Seat #3 is the button
Seat 1: one_rublik (4989 in chips, $1.50 bounty) 
Seat 2: TOPOS28 (5088 in chips, $1.50 bounty) 
Seat 3: kkfjose1985 (6451 in chips, $2.25 bounty) 
Seat 4: MartinSGA1 (13293 in chips, $2.25 bounty) 
Seat 5: Kpierre081 (5131 in chips, $1.50 bounty) 
Seat 6: Gabrielfs13 (4477 in chips, $1.50 bounty) 
Seat 7: edelweiss229 (6193 in chips, $1.50 bounty) 
Seat 8: Johnelvis013 (15148 in chips, $2.62 bounty) 
one_rublik: posts the ante 12
TOPOS28: posts the ante 12
kkfjose1985: posts the ante 12
MartinSGA1: posts the ante 12
Kpierre081: posts the ante 12
Gabrielfs13: posts the ante 12
edelweiss229: posts the ante 12
Johnelvis013: posts the ante 12
MartinSGA1: posts small blind 40
Kpierre081: posts big blind 80
*** HOLE CARDS ***
Dealt to Gabrielfs13 [Qs Ts]
Gabrielfs13: raises 80 to 160
edelweiss229: folds 
Johnelvis013: folds 
one_rublik: folds 
TOPOS28: folds 
kkfjose1985: raises 320 to 480
MartinSGA1: folds 
Kpierre081: folds 
Gabrielfs13: calls 320
*** FLOP *** [Qd 8h 7h]
Gabrielfs13: checks 
kkfjose1985: bets 388
Gabrielfs13: raises 612 to 1000
kkfjose1985: calls 612
*** TURN *** [Qd 8h 7h] [Js]
Gabrielfs13: bets 2985 and is all-in
kkfjose1985: calls 2985
*** RIVER *** [Qd 8h 7h Js] [4c]
*** SHOW DOWN ***
Gabrielfs13: shows [Qs Ts] (a pair of Queens)
kkfjose1985: shows [Ad Qc] (a pair of Queens - Ace kicker)
kkfjose1985 collected 9146 from pot
kkfjose1985 wins $0.75 for eliminating Gabrielfs13 and their own bounty increases by $0.75 to $3
Gabrielfs13 finished the tournament
*** SUMMARY ***
Total pot 9146 | Rake 0 
Board [Qd 8h 7h Js 4c]
Seat 1: one_rublik folded before Flop (didn't bet)
Seat 2: TOPOS28 folded before Flop (didn't bet)
Seat 3: kkfjose1985 (button) showed [Ad Qc] and won (9146) with a pair of Queens
Seat 4: MartinSGA1 (small blind) folded before Flop
Seat 5: Kpierre081 (big blind) folded before Flop
Seat 6: Gabrielfs13 showed [Qs Ts] and lost with a pair of Queens
Seat 7: edelweiss229 folded before Flop (didn't bet)
Seat 8: Johnelvis013 folded before Flop (didn't bet)



PokerStars Hand #257342224234: Tournament #3918386795, $1.44+$1.50+$0.36 USD Hold'em No Limit - Level IV (40/80) - 2025/08/14 16:02:31 BRT [2025/08/14 15:02:31 ET]
Table '3918386795 73' 8-max Seat #8 is the button
Seat 1: Marwashi (6944 in chips, $1.50 bounty) 
Seat 2: BigPasty94 (8884 in chips, $1.50 bounty) 
Seat 3: Whatislove01 (2846 in chips, $1.50 bounty) 
Seat 4: geosal13 (4839 in chips, $1.50 bounty) 
Seat 5: koltsovskij (4850 in chips, $1.50 bounty) 
Seat 6: ronaldoleao (4545 in chips, $1.50 bounty) 
Seat 7: Gabrielfs13 (5000 in chips, $1.50 bounty) 
Seat 8: Willzerahh190 (1421 in chips, $1.50 bounty) 
Marwashi: posts the ante 12
BigPasty94: posts the ante 12
Whatislove01: posts the ante 12
geosal13: posts the ante 12
koltsovskij: posts the ante 12
ronaldoleao: posts the ante 12
Gabrielfs13: posts the ante 12
Willzerahh190: posts the ante 12
Marwashi: posts small blind 40
BigPasty94: posts big blind 80
*** HOLE CARDS ***
Dealt to Gabrielfs13 [9h 4s]
Whatislove01: folds 
geosal13: folds 
koltsovskij: folds 
ronaldoleao: folds 
Gabrielfs13: folds 
Willzerahh190: raises 80 to 160
Marwashi: raises 6772 to 6932 and is all-in
BigPasty94: folds 
Willzerahh190: folds 
Uncalled bet (6772) returned to Marwashi
Marwashi collected 496 from pot
*** SUMMARY ***
Total pot 496 | Rake 0 
Seat 1: Marwashi (small blind) collected (496)
Seat 2: BigPasty94 (big blind) folded before Flop
Seat 3: Whatislove01 folded before Flop (didn't bet)
Seat 4: geosal13 folded before Flop (didn't bet)
Seat 5: koltsovskij folded before Flop (didn't bet)
Seat 6: ronaldoleao folded before Flop (didn't bet)
Seat 7: Gabrielfs13 folded before Flop (didn't bet)
Seat 8: Willzerahh190 (button) folded before Flop



PokerStars Hand #257342232430: Tournament #3918386795, $1.44+$1.50+$0.36 USD Hold'em No Limit - Level IV (40/80) - 2025/08/14 16:03:11 BRT [2025/08/14 15:03:11 ET]
Table '3918386795 19' 8-max Seat #5 is the button
Seat 1: gasolin93rus (5987 in chips, $1.50 bounty) 
Seat 3: Gabrielfs13 (4988 in chips, $1.50 bounty) 
Seat 4: kurt_vonegut (4668 in chips, $1.50 bounty) 
Seat 5: Tob1asAK (5702 in chips, $1.50 bounty) 
Seat 6: Toni_Run (1022 in chips, $1.50 bounty) 
Seat 7: gkas71 (12697 in chips, $3 bounty) 
Seat 8: ABILIO600 (5799 in chips, $1.50 bounty) 
gasolin93rus: posts the ante 12
Gabrielfs13: posts the ante 12
kurt_vonegut: posts the ante 12
Tob1asAK: posts the ante 12
Toni_Run: posts the ante 12
gkas71: posts the ante 12
ABILIO600: posts the ante 12
Toni_Run: posts small blind 40
gkas71: posts big blind 80
*** HOLE CARDS ***
Dealt to Gabrielfs13 [2h 5s]
ABILIO600: raises 80 to 160
gasolin93rus: folds 
Gabrielfs13: folds 
kurt_vonegut: calls 160
Tob1asAK: folds 
Toni_Run: raises 850 to 1010 and is all-in
gkas71: folds 
ABILIO600: raises 850 to 1860
jonathanp260 is disconnected 
kurt_vonegut: folds 
Uncalled bet (850) returned to ABILIO600
*** FLOP *** [Td 2c 7d]
*** TURN *** [Td 2c 7d] [4d]
*** RIVER *** [Td 2c 7d 4d] [Kh]
*** SHOW DOWN ***
Toni_Run: shows [Ks As] (a pair of Kings)
ABILIO600: shows [Ad 7c] (a pair of Sevens)
Toni_Run collected 2344 from pot
*** SUMMARY ***
Total pot 2344 | Rake 0 
Board [Td 2c 7d 4d Kh]
Seat 1: gasolin93rus folded before Flop (didn't bet)
Seat 3: Gabrielfs13 folded before Flop (didn't bet)
Seat 4: kurt_vonegut folded before Flop
Seat 5: Tob1asAK (button) folded before Flop (didn't bet)
Seat 6: Toni_Run (small blind) showed [Ks As] and won (2344) with a pair of Kings
Seat 7: gkas71 (big blind) folded before Flop
Seat 8: ABILIO600 showed [Ad 7c] and lost with a pair of Sevens



PokerStars Hand #257342241602: Tournament #3918386795, $1.44+$1.50+$0.36 USD Hold'em No Limit - Level IV (40/80) - 2025/08/14 16:03:56 BRT [2025/08/14 15:03:56 ET]
Table '3918386795 19' 8-max Seat #6 is the button
Seat 1: gasolin93rus (5975 in chips, $1.50 bounty) 
Seat 2: jonathanp260 (5000 in chips, $1.50 bounty) 
Seat 3: Gabrielfs13 (4976 in chips, $1.50 bounty) 
Seat 4: kurt_vonegut (4496 in chips, $1.50 bounty) 
Seat 5: Tob1asAK (5690 in chips, $1.50 bounty) 
Seat 6: Toni_Run (2344 in chips, $1.50 bounty) 
Seat 7: gkas71 (12605 in chips, $3 bounty) 
Seat 8: ABILIO600 (4777 in chips, $1.50 bounty) 
gasolin93rus: posts the ante 12
jonathanp260: posts the ante 12
Gabrielfs13: posts the ante 12
kurt_vonegut: posts the ante 12
Tob1asAK: posts the ante 12
Toni_Run: posts the ante 12
gkas71: posts the ante 12
ABILIO600: posts the ante 12
gkas71: posts small blind 40
ABILIO600: posts big blind 80
*** HOLE CARDS ***
Dealt to Gabrielfs13 [4s Th]
gasolin93rus: folds 
jonathanp260: folds 
Gabrielfs13: folds 
kurt_vonegut: folds 
Tob1asAK: folds 
Toni_Run: folds 
gkas71: raises 400 to 480
ABILIO600: calls 400
*** FLOP *** [2s Ah 5c]
gkas71: bets 560
ABILIO600: raises 3725 to 4285 and is all-in
gkas71: calls 3725
*** TURN *** [2s Ah 5c] [7c]
*** RIVER *** [2s Ah 5c 7c] [8h]
*** SHOW DOWN ***
gkas71: shows [Qd Ad] (a pair of Aces)
ABILIO600: shows [3s 2d] (a pair of Deuces)
gkas71 collected 9626 from pot
gkas71 wins $0.75 for eliminating ABILIO600 and their own bounty increases by $0.75 to $3.75
ABILIO600 finished the tournament
*** SUMMARY ***
Total pot 9626 | Rake 0 
Board [2s Ah 5c 7c 8h]
Seat 1: gasolin93rus folded before Flop (didn't bet)
Seat 2: jonathanp260 folded before Flop (didn't bet)
Seat 3: Gabrielfs13 folded before Flop (didn't bet)
Seat 4: kurt_vonegut folded before Flop (didn't bet)
Seat 5: Tob1asAK folded before Flop (didn't bet)
Seat 6: Toni_Run (button) folded before Flop (didn't bet)
Seat 7: gkas71 (small blind) showed [Qd Ad] and won (9626) with a pair of Aces
Seat 8: ABILIO600 (big blind) showed [3s 2d] and lost with a pair of Deuces



PokerStars Hand #257342252058: Tournament #3918386795, $1.44+$1.50+$0.36 USD Hold'em No Limit - Level IV (40/80) - 2025/08/14 16:04:47 BRT [2025/08/14 15:04:47 ET]
Table '3918386795 19' 8-max Seat #7 is the button
Seat 1: gasolin93rus (5963 in chips, $1.50 bounty) 
Seat 2: jonathanp260 (4988 in chips, $1.50 bounty) 
Seat 3: Gabrielfs13 (4964 in chips, $1.50 bounty) 
Seat 4: kurt_vonegut (4484 in chips, $1.50 bounty) 
Seat 5: Tob1asAK (5678 in chips, $1.50 bounty) 
Seat 6: Toni_Run (2332 in chips, $1.50 bounty) 
Seat 7: gkas71 (17454 in chips, $3.75 bounty) 
gasolin93rus: posts the ante 12
jonathanp260: posts the ante 12
Gabrielfs13: posts the ante 12
kurt_vonegut: posts the ante 12
Tob1asAK: posts the ante 12
Toni_Run: posts the ante 12
gkas71: posts the ante 12
gasolin93rus: posts small blind 40
jonathanp260: posts big blind 80
*** HOLE CARDS ***
Dealt to Gabrielfs13 [Jc As]
Gabrielfs13: raises 80 to 160
kurt_vonegut: folds 
Tob1asAK: folds 
Toni_Run: folds 
gkas71: folds 
gasolin93rus: folds 
jonathanp260: folds 
Uncalled bet (80) returned to Gabrielfs13
Gabrielfs13 collected 284 from pot
Gabrielfs13: doesn't show hand 
*** SUMMARY ***
Total pot 284 | Rake 0 
Seat 1: gasolin93rus (small blind) folded before Flop
Seat 2: jonathanp260 (big blind) folded before Flop
Seat 3: Gabrielfs13 collected (284)
Seat 4: kurt_vonegut folded before Flop (didn't bet)
Seat 5: Tob1asAK folded before Flop (didn't bet)
Seat 6: Toni_Run folded before Flop (didn't bet)
Seat 7: gkas71 (button) folded before Flop (didn't bet)



PokerStars Hand #257342260264: Tournament #3918386795, $1.44+$1.50+$0.36 USD Hold'em No Limit - Level IV (40/80) - 2025/08/14 16:05:26 BRT [2025/08/14 15:05:26 ET]
Table '3918386795 19' 8-max Seat #1 is the button
Seat 1: gasolin93rus (5911 in chips, $1.50 bounty) 
Seat 2: jonathanp260 (4896 in chips, $1.50 bounty) 
Seat 3: Gabrielfs13 (5156 in chips, $1.50 bounty) 
Seat 4: kurt_vonegut (4472 in chips, $1.50 bounty) 
Seat 5: Tob1asAK (5666 in chips, $1.50 bounty) 
Seat 6: Toni_Run (2320 in chips, $1.50 bounty) 
Seat 7: gkas71 (17442 in chips, $3.75 bounty) 
Seat 8: ABILIO600 (5000 in chips, $1.50 bounty) 
gasolin93rus: posts the ante 12
jonathanp260: posts the ante 12
Gabrielfs13: posts the ante 12
kurt_vonegut: posts the ante 12
Tob1asAK: posts the ante 12
Toni_Run: posts the ante 12
gkas71: posts the ante 12
ABILIO600: posts the ante 12
jonathanp260: posts small blind 40
Gabrielfs13: posts big blind 80
*** HOLE CARDS ***
Dealt to Gabrielfs13 [9s 3c]
kurt_vonegut: raises 80 to 160
Tob1asAK: calls 160
Toni_Run: folds 
gkas71: folds 
ABILIO600: raises 776 to 936
gasolin93rus: folds 
jonathanp260: folds 
Gabrielfs13: folds 
kurt_vonegut: folds 
Tob1asAK: raises 4718 to 5654 and is all-in
ABILIO600: calls 4052 and is all-in
Uncalled bet (666) returned to Tob1asAK
*** FLOP *** [Td 4h Ac]
*** TURN *** [Td 4h Ac] [8h]
*** RIVER *** [Td 4h Ac 8h] [8d]
*** SHOW DOWN ***
Tob1asAK: shows [Th Tc] (a full house, Tens full of Eights)
ABILIO600: shows [4c As] (two pair, Aces and Eights)
Tob1asAK collected 10352 from pot
Tob1asAK wins $0.75 for eliminating ABILIO600 and their own bounty increases by $0.75 to $2.25
ABILIO600 finished the tournament
*** SUMMARY ***
Total pot 10352 | Rake 0 
Board [Td 4h Ac 8h 8d]
Seat 1: gasolin93rus (button) folded before Flop (didn't bet)
Seat 2: jonathanp260 (small blind) folded before Flop
Seat 3: Gabrielfs13 (big blind) folded before Flop
Seat 4: kurt_vonegut folded before Flop
Seat 5: Tob1asAK showed [Th Tc] and won (10352) with a full house, Tens full of Eights
Seat 6: Toni_Run folded before Flop (didn't bet)
Seat 7: gkas71 folded before Flop (didn't bet)
Seat 8: ABILIO600 showed [4c As] and lost with two pair, Aces and Eights



PokerStars Hand #257342270953: Tournament #3918386795, $1.44+$1.50+$0.36 USD Hold'em No Limit - Level IV (40/80) - 2025/08/14 16:06:15 BRT [2025/08/14 15:06:15 ET]
Table '3918386795 19' 8-max Seat #2 is the button
Seat 1: gasolin93rus (5899 in chips, $1.50 bounty) 
Seat 2: jonathanp260 (4844 in chips, $1.50 bounty) 
Seat 3: Gabrielfs13 (5064 in chips, $1.50 bounty) 
Seat 4: kurt_vonegut (4300 in chips, $1.50 bounty) 
Seat 5: Tob1asAK (11018 in chips, $2.25 bounty) 
Seat 6: Toni_Run (2308 in chips, $1.50 bounty) 
Seat 7: gkas71 (17430 in chips, $3.75 bounty) 
gasolin93rus: posts the ante 12
jonathanp260: posts the ante 12
Gabrielfs13: posts the ante 12
kurt_vonegut: posts the ante 12
Tob1asAK: posts the ante 12
Toni_Run: posts the ante 12
gkas71: posts the ante 12
Gabrielfs13: posts small blind 40
kurt_vonegut: posts big blind 80
*** HOLE CARDS ***
Dealt to Gabrielfs13 [2c Ac]
vedgar is disconnected 
Tob1asAK: raises 96 to 176
Toni_Run: raises 368 to 544
gkas71: folds 
gasolin93rus: folds 
jonathanp260: folds 
Gabrielfs13: folds 
kurt_vonegut: folds 
Tob1asAK: folds 
Uncalled bet (368) returned to Toni_Run
Toni_Run collected 556 from pot
*** SUMMARY ***
Total pot 556 | Rake 0 
Seat 1: gasolin93rus folded before Flop (didn't bet)
Seat 2: jonathanp260 (button) folded before Flop (didn't bet)
Seat 3: Gabrielfs13 (small blind) folded before Flop
Seat 4: kurt_vonegut (big blind) folded before Flop
Seat 5: Tob1asAK folded before Flop
Seat 6: Toni_Run collected (556)
Seat 7: gkas71 folded before Flop (didn't bet)



PokerStars Hand #257342280078: Tournament #3918386795, $1.44+$1.50+$0.36 USD Hold'em No Limit - Level IV (40/80) - 2025/08/14 16:06:57 BRT [2025/08/14 15:06:57 ET]
Table '3918386795 19' 8-max Seat #3 is the button
Seat 1: gasolin93rus (5887 in chips, $1.50 bounty) 
Seat 2: jonathanp260 (4832 in chips, $1.50 bounty) 
Seat 3: Gabrielfs13 (5012 in chips, $1.50 bounty) 
Seat 4: kurt_vonegut (4208 in chips, $1.50 bounty) 
Seat 5: Tob1asAK (10830 in chips, $2.25 bounty) 
Seat 6: Toni_Run (2676 in chips, $1.50 bounty) 
Seat 7: gkas71 (17418 in chips, $3.75 bounty) 
Seat 8: vedgar (5000 in chips, $1.50 bounty) 
gasolin93rus: posts the ante 12
jonathanp260: posts the ante 12
Gabrielfs13: posts the ante 12
kurt_vonegut: posts the ante 12
Tob1asAK: posts the ante 12
Toni_Run: posts the ante 12
gkas71: posts the ante 12
vedgar: posts the ante 12
kurt_vonegut: posts small blind 40
Tob1asAK: posts big blind 80
*** HOLE CARDS ***
Dealt to Gabrielfs13 [Ad 4h]
Toni_Run: folds 
gkas71: folds 
vedgar: folds 
gasolin93rus: folds 
jonathanp260: raises 80 to 160
Gabrielfs13: folds 
kurt_vonegut: folds 
Tob1asAK: folds 
Uncalled bet (80) returned to jonathanp260
jonathanp260 collected 296 from pot
jonathanp260: doesn't show hand 
*** SUMMARY ***
Total pot 296 | Rake 0 
Seat 1: gasolin93rus folded before Flop (didn't bet)
Seat 2: jonathanp260 collected (296)
Seat 3: Gabrielfs13 (button) folded before Flop (didn't bet)
Seat 4: kurt_vonegut (small blind) folded before Flop
Seat 5: Tob1asAK (big blind) folded before Flop
Seat 6: Toni_Run folded before Flop (didn't bet)
Seat 7: gkas71 folded before Flop (didn't bet)
Seat 8: vedgar folded before Flop (didn't bet)



PokerStars Hand #257342289443: Tournament #3918386795, $1.44+$1.50+$0.36 USD Hold'em No Limit - Level IV (40/80) - 2025/08/14 16:07:42 BRT [2025/08/14 15:07:42 ET]
Table '3918386795 19' 8-max Seat #4 is the button
Seat 1: gasolin93rus (5875 in chips, $1.50 bounty) 
Seat 2: jonathanp260 (5036 in chips, $1.50 bounty) 
Seat 3: Gabrielfs13 (5000 in chips, $1.50 bounty) 
Seat 4: kurt_vonegut (4156 in chips, $1.50 bounty) 
Seat 5: Tob1asAK (10738 in chips, $2.25 bounty) 
Seat 6: Toni_Run (2664 in chips, $1.50 bounty) 
Seat 7: gkas71 (17406 in chips, $3.75 bounty) 
Seat 8: vedgar (4988 in chips, $1.50 bounty) 
gasolin93rus: posts the ante 12
jonathanp260: posts the ante 12
Gabrielfs13: posts the ante 12
kurt_vonegut: posts the ante 12
Tob1asAK: posts the ante 12
Toni_Run: posts the ante 12
gkas71: posts the ante 12
vedgar: posts the ante 12
Tob1asAK: posts small blind 40
Toni_Run: posts big blind 80
*** HOLE CARDS ***
Dealt to Gabrielfs13 [Qd 8h]
gkas71: folds 
vedgar: folds 
gasolin93rus: folds 
jonathanp260: raises 80 to 160
Gabrielfs13: folds 
kurt_vonegut: folds 
Tob1asAK: calls 120
Toni_Run: calls 80
*** FLOP *** [3s 2d Qh]
Tob1asAK: checks 
Toni_Run: checks 
jonathanp260: bets 190
Tob1asAK: folds 
Toni_Run: calls 190
*** TURN *** [3s 2d Qh] [5c]
Toni_Run: checks 
jonathanp260: bets 631
Toni_Run: folds 
Uncalled bet (631) returned to jonathanp260
jonathanp260 collected 956 from pot
jonathanp260: doesn't show hand 
*** SUMMARY ***
Total pot 956 | Rake 0 
Board [3s 2d Qh 5c]
Seat 1: gasolin93rus folded before Flop (didn't bet)
Seat 2: jonathanp260 collected (956)
Seat 3: Gabrielfs13 folded before Flop (didn't bet)
Seat 4: kurt_vonegut (button) folded before Flop (didn't bet)
Seat 5: Tob1asAK (small blind) folded on the Flop
Seat 6: Toni_Run (big blind) folded on the Turn
Seat 7: gkas71 folded before Flop (didn't bet)
Seat 8: vedgar folded before Flop (didn't bet)



PokerStars Hand #257342306316: Tournament #3918386795, $1.44+$1.50+$0.36 USD Hold'em No Limit - Level IV (40/80) - 2025/08/14 16:09:01 BRT [2025/08/14 15:09:01 ET]
Table '3918386795 19' 8-max Seat #5 is the button
Seat 1: gasolin93rus (5863 in chips, $1.50 bounty) 
Seat 2: jonathanp260 (5630 in chips, $1.50 bounty) 
Seat 3: Gabrielfs13 (4988 in chips, $1.50 bounty) 
Seat 4: kurt_vonegut (4144 in chips, $1.50 bounty) 
Seat 5: Tob1asAK (10566 in chips, $2.25 bounty) 
Seat 6: Toni_Run (2302 in chips, $1.50 bounty) 
Seat 7: gkas71 (17394 in chips, $3.75 bounty) 
Seat 8: vedgar (4976 in chips, $1.50 bounty) 
gasolin93rus: posts the ante 12
jonathanp260: posts the ante 12
Gabrielfs13: posts the ante 12
kurt_vonegut: posts the ante 12
Tob1asAK: posts the ante 12
Toni_Run: posts the ante 12
gkas71: posts the ante 12
vedgar: posts the ante 12
Toni_Run: posts small blind 40
gkas71: posts big blind 80
*** HOLE CARDS ***
Dealt to Gabrielfs13 [4d Qh]
vedgar: folds 
gasolin93rus: raises 80 to 160
jonathanp260: folds 
Gabrielfs13: folds 
kurt_vonegut: calls 160
Tob1asAK: raises 696 to 856
Toni_Run: folds 
gkas71: folds 
gasolin93rus: folds 
kurt_vonegut: folds 
Uncalled bet (696) returned to Tob1asAK
Tob1asAK collected 696 from pot
Tob1asAK: doesn't show hand 
*** SUMMARY ***
Total pot 696 | Rake 0 
Seat 1: gasolin93rus folded before Flop
Seat 2: jonathanp260 folded before Flop (didn't bet)
Seat 3: Gabrielfs13 folded before Flop (didn't bet)
Seat 4: kurt_vonegut folded before Flop
Seat 5: Tob1asAK (button) collected (696)
Seat 6: Toni_Run (small blind) folded before Flop
Seat 7: gkas71 (big blind) folded before Flop
Seat 8: vedgar folded before Flop (didn't bet)



PokerStars Hand #257342320329: Tournament #3918386795, $1.44+$1.50+$0.36 USD Hold'em No Limit - Level V (45/90) - 2025/08/14 16:10:05 BRT [2025/08/14 15:10:05 ET]
Table '3918386795 19' 8-max Seat #6 is the button
Seat 1: gasolin93rus (5691 in chips, $1.50 bounty) 
Seat 2: jonathanp260 (5618 in chips, $1.50 bounty) 
Seat 3: Gabrielfs13 (4976 in chips, $1.50 bounty) 
Seat 4: kurt_vonegut (3972 in chips, $1.50 bounty) 
Seat 5: Tob1asAK (11090 in chips, $2.25 bounty) 
Seat 6: Toni_Run (2250 in chips, $1.50 bounty) 
Seat 7: gkas71 (17302 in chips, $3.75 bounty) 
Seat 8: vedgar (4964 in chips, $1.50 bounty) 
gasolin93rus: posts the ante 14
jonathanp260: posts the ante 14
Gabrielfs13: posts the ante 14
kurt_vonegut: posts the ante 14
Tob1asAK: posts the ante 14
Toni_Run: posts the ante 14
gkas71: posts the ante 14
vedgar: posts the ante 14
gkas71: posts small blind 45
vedgar: posts big blind 90
*** HOLE CARDS ***
Dealt to Gabrielfs13 [7d 3c]
gasolin93rus: folds 
jonathanp260: folds 
Gabrielfs13: folds 
kurt_vonegut: raises 90 to 180
Tob1asAK: folds 
Toni_Run: folds 
gkas71: folds 
vedgar: folds 
Uncalled bet (90) returned to kurt_vonegut
kurt_vonegut collected 337 from pot
kurt_vonegut: doesn't show hand 
*** SUMMARY ***
Total pot 337 | Rake 0 
Seat 1: gasolin93rus folded before Flop (didn't bet)
Seat 2: jonathanp260 folded before Flop (didn't bet)
Seat 3: Gabrielfs13 folded before Flop (didn't bet)
Seat 4: kurt_vonegut collected (337)
Seat 5: Tob1asAK folded before Flop (didn't bet)
Seat 6: Toni_Run (button) folded before Flop (didn't bet)
Seat 7: gkas71 (small blind) folded before Flop
Seat 8: vedgar (big blind) folded before Flop



PokerStars Hand #257342328031: Tournament #3918386795, $1.44+$1.50+$0.36 USD Hold'em No Limit - Level V (45/90) - 2025/08/14 16:10:41 BRT [2025/08/14 15:10:41 ET]
Table '3918386795 19' 8-max Seat #7 is the button
Seat 1: gasolin93rus (5677 in chips, $1.50 bounty) 
Seat 2: jonathanp260 (5604 in chips, $1.50 bounty) 
Seat 3: Gabrielfs13 (4962 in chips, $1.50 bounty) 
Seat 4: kurt_vonegut (4205 in chips, $1.50 bounty) 
Seat 5: Tob1asAK (11076 in chips, $2.25 bounty) 
Seat 6: Toni_Run (2236 in chips, $1.50 bounty) 
Seat 7: gkas71 (17243 in chips, $3.75 bounty) 
Seat 8: vedgar (4860 in chips, $1.50 bounty) 
gasolin93rus: posts the ante 14
jonathanp260: posts the ante 14
Gabrielfs13: posts the ante 14
kurt_vonegut: posts the ante 14
Tob1asAK: posts the ante 14
Toni_Run: posts the ante 14
gkas71: posts the ante 14
vedgar: posts the ante 14
vedgar: posts small blind 45
gasolin93rus: posts big blind 90
*** HOLE CARDS ***
Dealt to Gabrielfs13 [9c 6c]
jonathanp260: folds 
Gabrielfs13: folds 
kurt_vonegut: folds 
Tob1asAK: folds 
Toni_Run: folds 
gkas71: folds 
vedgar: calls 45
gasolin93rus: raises 180 to 270
vedgar: calls 180
*** FLOP *** [Ah 8s Th]
vedgar: checks 
gasolin93rus: bets 170
vedgar: folds 
Uncalled bet (170) returned to gasolin93rus
gasolin93rus collected 652 from pot
gasolin93rus: doesn't show hand 
*** SUMMARY ***
Total pot 652 | Rake 0 
Board [Ah 8s Th]
Seat 1: gasolin93rus (big blind) collected (652)
Seat 2: jonathanp260 folded before Flop (didn't bet)
Seat 3: Gabrielfs13 folded before Flop (didn't bet)
Seat 4: kurt_vonegut folded before Flop (didn't bet)
Seat 5: Tob1asAK folded before Flop (didn't bet)
Seat 6: Toni_Run folded before Flop (didn't bet)
Seat 7: gkas71 (button) folded before Flop (didn't bet)
Seat 8: vedgar (small blind) folded on the Flop



PokerStars Hand #257342339338: Tournament #3918386795, $1.44+$1.50+$0.36 USD Hold'em No Limit - Level V (45/90) - 2025/08/14 16:11:34 BRT [2025/08/14 15:11:34 ET]
Table '3918386795 19' 8-max Seat #8 is the button
Seat 1: gasolin93rus (6045 in chips, $1.50 bounty) 
Seat 2: jonathanp260 (5590 in chips, $1.50 bounty) 
Seat 3: Gabrielfs13 (4948 in chips, $1.50 bounty) 
Seat 4: kurt_vonegut (4191 in chips, $1.50 bounty) 
Seat 5: Tob1asAK (11062 in chips, $2.25 bounty) 
Seat 6: Toni_Run (2222 in chips, $1.50 bounty) 
Seat 7: gkas71 (17229 in chips, $3.75 bounty) 
Seat 8: vedgar (4576 in chips, $1.50 bounty) 
gasolin93rus: posts the ante 14
jonathanp260: posts the ante 14
Gabrielfs13: posts the ante 14
kurt_vonegut: posts the ante 14
Tob1asAK: posts the ante 14
Toni_Run: posts the ante 14
gkas71: posts the ante 14
vedgar: posts the ante 14
gasolin93rus: posts small blind 45
jonathanp260: posts big blind 90
*** HOLE CARDS ***
Dealt to Gabrielfs13 [5h 9c]
Gabrielfs13: folds 
kurt_vonegut: folds 
Tob1asAK: raises 108 to 198
Toni_Run: folds 
gkas71: calls 198
vedgar: calls 198
gasolin93rus: folds 
jonathanp260: calls 108
*** FLOP *** [Ah 5d Kd]
jonathanp260: checks 
Tob1asAK: checks 
gkas71: bets 360
vedgar: folds 
jonathanp260: folds 
Tob1asAK: calls 360
*** TURN *** [Ah 5d Kd] [7c]
Tob1asAK: checks 
gkas71: bets 540
Tob1asAK: folds 
Uncalled bet (540) returned to gkas71
gkas71 collected 1669 from pot
gkas71: doesn't show hand 
*** SUMMARY ***
Total pot 1669 | Rake 0 
Board [Ah 5d Kd 7c]
Seat 1: gasolin93rus (small blind) folded before Flop
Seat 2: jonathanp260 (big blind) folded on the Flop
Seat 3: Gabrielfs13 folded before Flop (didn't bet)
Seat 4: kurt_vonegut folded before Flop (didn't bet)
Seat 5: Tob1asAK folded on the Turn
Seat 6: Toni_Run folded before Flop (didn't bet)
Seat 7: gkas71 collected (1669)
Seat 8: vedgar (button) folded on the Flop



PokerStars Hand #257342356099: Tournament #3918386795, $1.44+$1.50+$0.36 USD Hold'em No Limit - Level V (45/90) - 2025/08/14 16:12:51 BRT [2025/08/14 15:12:51 ET]
Table '3918386795 19' 8-max Seat #1 is the button
Seat 1: gasolin93rus (5986 in chips, $1.50 bounty) 
Seat 2: jonathanp260 (5378 in chips, $1.50 bounty) 
Seat 3: Gabrielfs13 (4934 in chips, $1.50 bounty) 
Seat 4: kurt_vonegut (4177 in chips, $1.50 bounty) 
Seat 5: Tob1asAK (10490 in chips, $2.25 bounty) 
Seat 6: Toni_Run (2208 in chips, $1.50 bounty) 
Seat 7: gkas71 (18326 in chips, $3.75 bounty) 
Seat 8: vedgar (4364 in chips, $1.50 bounty) 
gasolin93rus: posts the ante 14
jonathanp260: posts the ante 14
Gabrielfs13: posts the ante 14
kurt_vonegut: posts the ante 14
Tob1asAK: posts the ante 14
Toni_Run: posts the ante 14
gkas71: posts the ante 14
vedgar: posts the ante 14
jonathanp260: posts small blind 45
Gabrielfs13: posts big blind 90
*** HOLE CARDS ***
Dealt to Gabrielfs13 [5c Kd]
kurt_vonegut: raises 90 to 180
Tob1asAK: folds 
Toni_Run: folds 
gkas71: folds 
vedgar: folds 
gasolin93rus: calls 180
jonathanp260: raises 540 to 720
Gabrielfs13: folds 
kurt_vonegut: folds 
gasolin93rus: folds 
Uncalled bet (540) returned to jonathanp260
jonathanp260 collected 742 from pot
jonathanp260: doesn't show hand 
*** SUMMARY ***
Total pot 742 | Rake 0 
Seat 1: gasolin93rus (button) folded before Flop
Seat 2: jonathanp260 (small blind) collected (742)
Seat 3: Gabrielfs13 (big blind) folded before Flop
Seat 4: kurt_vonegut folded before Flop
Seat 5: Tob1asAK folded before Flop (didn't bet)
Seat 6: Toni_Run folded before Flop (didn't bet)
Seat 7: gkas71 folded before Flop (didn't bet)
Seat 8: vedgar folded before Flop (didn't bet)



PokerStars Hand #257342369390: Tournament #3918386795, $1.44+$1.50+$0.36 USD Hold'em No Limit - Level V (45/90) - 2025/08/14 16:13:52 BRT [2025/08/14 15:13:52 ET]
Table '3918386795 19' 8-max Seat #2 is the button
Seat 1: gasolin93rus (5792 in chips, $1.50 bounty) 
Seat 2: jonathanp260 (5926 in chips, $1.50 bounty) 
Seat 3: Gabrielfs13 (4830 in chips, $1.50 bounty) 
Seat 4: kurt_vonegut (3983 in chips, $1.50 bounty) 
Seat 5: Tob1asAK (10476 in chips, $2.25 bounty) 
Seat 6: Toni_Run (2194 in chips, $1.50 bounty) 
Seat 7: gkas71 (18312 in chips, $3.75 bounty) 
Seat 8: vedgar (4350 in chips, $1.50 bounty) 
gasolin93rus: posts the ante 14
jonathanp260: posts the ante 14
Gabrielfs13: posts the ante 14
kurt_vonegut: posts the ante 14
Tob1asAK: posts the ante 14
Toni_Run: posts the ante 14
gkas71: posts the ante 14
vedgar: posts the ante 14
Gabrielfs13: posts small blind 45
kurt_vonegut: posts big blind 90
*** HOLE CARDS ***
Dealt to Gabrielfs13 [9d Ts]
Tob1asAK: folds 
Toni_Run: folds 
gkas71: folds 
vedgar: folds 
gasolin93rus: raises 135 to 225
jonathanp260: folds 
Gabrielfs13: folds 
kurt_vonegut: calls 135
*** FLOP *** [4s 3d Kc]
kurt_vonegut: checks 
gasolin93rus: bets 254
kurt_vonegut: raises 254 to 508
gasolin93rus: calls 254
*** TURN *** [4s 3d Kc] [3s]
kurt_vonegut: bets 540
gasolin93rus: calls 540
*** RIVER *** [4s 3d Kc 3s] [6s]
kurt_vonegut: bets 2696 and is all-in
gasolin93rus: folds 
Uncalled bet (2696) returned to kurt_vonegut
kurt_vonegut collected 2703 from pot
kurt_vonegut: doesn't show hand 
*** SUMMARY ***
Total pot 2703 | Rake 0 
Board [4s 3d Kc 3s 6s]
Seat 1: gasolin93rus folded on the River
Seat 2: jonathanp260 (button) folded before Flop (didn't bet)
Seat 3: Gabrielfs13 (small blind) folded before Flop
Seat 4: kurt_vonegut (big blind) collected (2703)
Seat 5: Tob1asAK folded before Flop (didn't bet)
Seat 6: Toni_Run folded before Flop (didn't bet)
Seat 7: gkas71 folded before Flop (didn't bet)
Seat 8: vedgar folded before Flop (didn't bet)



PokerStars Hand #257342400901: Tournament #3918386795, $1.44+$1.50+$0.36 USD Hold'em No Limit - Level V (45/90) - 2025/08/14 16:16:18 BRT [2025/08/14 15:16:18 ET]
Table '3918386795 19' 8-max Seat #3 is the button
Seat 1: gasolin93rus (4505 in chips, $1.50 bounty) 
Seat 2: jonathanp260 (5912 in chips, $1.50 bounty) 
Seat 3: Gabrielfs13 (4771 in chips, $1.50 bounty) 
Seat 4: kurt_vonegut (5399 in chips, $1.50 bounty) 
Seat 5: Tob1asAK (10462 in chips, $2.25 bounty) 
Seat 6: Toni_Run (2180 in chips, $1.50 bounty) 
Seat 7: gkas71 (18298 in chips, $3.75 bounty) 
Seat 8: vedgar (4336 in chips, $1.50 bounty) 
gasolin93rus: posts the ante 14
jonathanp260: posts the ante 14
Gabrielfs13: posts the ante 14
kurt_vonegut: posts the ante 14
Tob1asAK: posts the ante 14
Toni_Run: posts the ante 14
gkas71: posts the ante 14
vedgar: posts the ante 14
kurt_vonegut: posts small blind 45
Tob1asAK: posts big blind 90
*** HOLE CARDS ***
Dealt to Gabrielfs13 [6h Qh]
Toni_Run: raises 90 to 180
gkas71: folds 
vedgar: folds 
gasolin93rus: folds 
jonathanp260: folds 
Gabrielfs13: folds 
kurt_vonegut: calls 135
Tob1asAK: folds 
*** FLOP *** [7c 9d 3c]
kurt_vonegut: bets 281
Toni_Run: calls 281
*** TURN *** [7c 9d 3c] [5h]
kurt_vonegut: bets 630
Toni_Run: calls 630
*** RIVER *** [7c 9d 3c 5h] [Jd]
kurt_vonegut: bets 1192
Toni_Run: calls 1075 and is all-in
Uncalled bet (117) returned to kurt_vonegut
*** SHOW DOWN ***
kurt_vonegut: shows [Js Jc] (three of a kind, Jacks)
Toni_Run: shows [Qc 9c] (a pair of Nines)
kurt_vonegut collected 4534 from pot
kurt_vonegut wins $0.75 for eliminating Toni_Run and their own bounty increases by $0.75 to $2.25
Toni_Run finished the tournament
*** SUMMARY ***
Total pot 4534 | Rake 0 
Board [7c 9d 3c 5h Jd]
Seat 1: gasolin93rus folded before Flop (didn't bet)
Seat 2: jonathanp260 folded before Flop (didn't bet)
Seat 3: Gabrielfs13 (button) folded before Flop (didn't bet)
Seat 4: kurt_vonegut (small blind) showed [Js Jc] and won (4534) with three of a kind, Jacks
Seat 5: Tob1asAK (big blind) folded before Flop
Seat 6: Toni_Run showed [Qc 9c] and lost with a pair of Nines
Seat 7: gkas71 folded before Flop (didn't bet)
Seat 8: vedgar folded before Flop (didn't bet)



PokerStars Hand #257342422004: Tournament #3918386795, $1.44+$1.50+$0.36 USD Hold'em No Limit - Level VI (50/100) - 2025/08/14 16:17:54 BRT [2025/08/14 15:17:54 ET]
Table '3918386795 19' 8-max Seat #4 is the button
Seat 1: gasolin93rus (4491 in chips, $1.50 bounty) 
Seat 2: jonathanp260 (5898 in chips, $1.50 bounty) 
Seat 3: Gabrielfs13 (4757 in chips, $1.50 bounty) 
Seat 4: kurt_vonegut (7753 in chips, $2.25 bounty) 
Seat 5: Tob1asAK (10358 in chips, $2.25 bounty) 
Seat 7: gkas71 (18284 in chips, $3.75 bounty) 
Seat 8: vedgar (4322 in chips, $1.50 bounty) 
gasolin93rus: posts the ante 15
jonathanp260: posts the ante 15
Gabrielfs13: posts the ante 15
kurt_vonegut: posts the ante 15
Tob1asAK: posts the ante 15
gkas71: posts the ante 15
vedgar: posts the ante 15
Tob1asAK: posts small blind 50
gkas71: posts big blind 100
*** HOLE CARDS ***
Dealt to Gabrielfs13 [2h 2s]
capetaum69 is disconnected 
vedgar: folds 
gasolin93rus: folds 
jonathanp260: folds 
Gabrielfs13: raises 100 to 200
kurt_vonegut: raises 400 to 600
Tob1asAK: folds 
gkas71: folds 
Gabrielfs13: calls 400
*** FLOP *** [8h 7h 7s]
Gabrielfs13: checks 
kurt_vonegut: bets 437
Gabrielfs13: folds 
Uncalled bet (437) returned to kurt_vonegut
kurt_vonegut collected 1455 from pot
kurt_vonegut: doesn't show hand 
*** SUMMARY ***
Total pot 1455 | Rake 0 
Board [8h 7h 7s]
Seat 1: gasolin93rus folded before Flop (didn't bet)
Seat 2: jonathanp260 folded before Flop (didn't bet)
Seat 3: Gabrielfs13 folded on the Flop
Seat 4: kurt_vonegut (button) collected (1455)
Seat 5: Tob1asAK (small blind) folded before Flop
Seat 7: gkas71 (big blind) folded before Flop
Seat 8: vedgar folded before Flop (didn't bet)



PokerStars Hand #257342435223: Tournament #3918386795, $1.44+$1.50+$0.36 USD Hold'em No Limit - Level VI (50/100) - 2025/08/14 16:18:55 BRT [2025/08/14 15:18:55 ET]
Table '3918386795 19' 8-max Seat #5 is the button
Seat 1: gasolin93rus (4476 in chips, $1.50 bounty) 
Seat 2: jonathanp260 (5883 in chips, $1.50 bounty) 
Seat 3: Gabrielfs13 (4142 in chips, $1.50 bounty) 
Seat 4: kurt_vonegut (8593 in chips, $2.25 bounty) 
Seat 5: Tob1asAK (10293 in chips, $2.25 bounty) 
Seat 6: capetaum69 (5000 in chips) out of hand (moved from another table into small blind)
Seat 7: gkas71 (18169 in chips, $3.75 bounty) 
Seat 8: vedgar (4307 in chips, $1.50 bounty) 
capetaum69 will be allowed to play after the button
gasolin93rus: posts the ante 15
jonathanp260: posts the ante 15
Gabrielfs13: posts the ante 15
kurt_vonegut: posts the ante 15
Tob1asAK: posts the ante 15
gkas71: posts the ante 15
vedgar: posts the ante 15
gkas71: posts small blind 50
vedgar: posts big blind 100
*** HOLE CARDS ***
Dealt to Gabrielfs13 [Ts 7s]
gasolin93rus: folds 
jonathanp260: folds 
Gabrielfs13: raises 100 to 200
kurt_vonegut: raises 400 to 600
Tob1asAK: folds 
gkas71: folds 
vedgar: folds 
Gabrielfs13: folds 
Uncalled bet (400) returned to kurt_vonegut
kurt_vonegut collected 655 from pot
kurt_vonegut: doesn't show hand 
*** SUMMARY ***
Total pot 655 | Rake 0 
Seat 1: gasolin93rus folded before Flop (didn't bet)
Seat 2: jonathanp260 folded before Flop (didn't bet)
Seat 3: Gabrielfs13 folded before Flop
Seat 4: kurt_vonegut collected (655)
Seat 5: Tob1asAK (button) folded before Flop (didn't bet)
Seat 7: gkas71 (small blind) folded before Flop
Seat 8: vedgar (big blind) folded before Flop



PokerStars Hand #257342444424: Tournament #3918386795, $1.44+$1.50+$0.36 USD Hold'em No Limit - Level VI (50/100) - 2025/08/14 16:19:38 BRT [2025/08/14 15:19:38 ET]
Table '3918386795 19' 8-max Seat #7 is the button
Seat 1: gasolin93rus (4461 in chips, $1.50 bounty) 
Seat 2: jonathanp260 (5868 in chips, $1.50 bounty) 
Seat 3: Gabrielfs13 (3927 in chips, $1.50 bounty) 
Seat 4: kurt_vonegut (9033 in chips, $2.25 bounty) 
Seat 5: Tob1asAK (10278 in chips, $2.25 bounty) 
Seat 6: capetaum69 (5000 in chips, $1.50 bounty) 
Seat 7: gkas71 (18104 in chips, $3.75 bounty) 
Seat 8: vedgar (4192 in chips, $1.50 bounty) 
gasolin93rus: posts the ante 15
jonathanp260: posts the ante 15
Gabrielfs13: posts the ante 15
kurt_vonegut: posts the ante 15
Tob1asAK: posts the ante 15
capetaum69: posts the ante 15
gkas71: posts the ante 15
vedgar: posts the ante 15
vedgar: posts small blind 50
gasolin93rus: posts big blind 100
*** HOLE CARDS ***
Dealt to Gabrielfs13 [6d 8s]
jonathanp260: raises 100 to 200
Gabrielfs13: folds 
kurt_vonegut: folds 
Tob1asAK: folds 
capetaum69: folds 
gkas71: raises 100 to 300
vedgar: folds 
gasolin93rus: folds 
jonathanp260: raises 1100 to 1400
gkas71: calls 1100
*** FLOP *** [Th 7s 2c]
jonathanp260: bets 1200
gkas71: raises 15489 to 16689 and is all-in
jonathanp260: calls 3253 and is all-in
Uncalled bet (12236) returned to gkas71
*** TURN *** [Th 7s 2c] [3h]
*** RIVER *** [Th 7s 2c 3h] [9c]
*** SHOW DOWN ***
jonathanp260: shows [Qh Qs] (a pair of Queens)
gkas71: shows [Qc 7c] (a pair of Sevens)
jonathanp260 collected 11976 from pot
*** SUMMARY ***
Total pot 11976 | Rake 0 
Board [Th 7s 2c 3h 9c]
Seat 1: gasolin93rus (big blind) folded before Flop
Seat 2: jonathanp260 showed [Qh Qs] and won (11976) with a pair of Queens
Seat 3: Gabrielfs13 folded before Flop (didn't bet)
Seat 4: kurt_vonegut folded before Flop (didn't bet)
Seat 5: Tob1asAK folded before Flop (didn't bet)
Seat 6: capetaum69 folded before Flop (didn't bet)
Seat 7: gkas71 (button) showed [Qc 7c] and lost with a pair of Sevens
Seat 8: vedgar (small blind) folded before Flop



PokerStars Hand #257342465550: Tournament #3918386795, $1.44+$1.50+$0.36 USD Hold'em No Limit - Level VI (50/100) - 2025/08/14 16:21:15 BRT [2025/08/14 15:21:15 ET]
Table '3918386795 19' 8-max Seat #8 is the button
Seat 1: gasolin93rus (4346 in chips, $1.50 bounty) 
Seat 2: jonathanp260 (11976 in chips, $1.50 bounty) 
Seat 3: Gabrielfs13 (3912 in chips, $1.50 bounty) 
Seat 4: kurt_vonegut (9018 in chips, $2.25 bounty) 
Seat 5: Tob1asAK (10263 in chips, $2.25 bounty) 
Seat 6: capetaum69 (4985 in chips, $1.50 bounty) 
Seat 7: gkas71 (12236 in chips, $3.75 bounty) 
Seat 8: vedgar (4127 in chips, $1.50 bounty) 
gasolin93rus: posts the ante 15
jonathanp260: posts the ante 15
Gabrielfs13: posts the ante 15
kurt_vonegut: posts the ante 15
Tob1asAK: posts the ante 15
capetaum69: posts the ante 15
gkas71: posts the ante 15
vedgar: posts the ante 15
gasolin93rus: posts small blind 50
jonathanp260: posts big blind 100
*** HOLE CARDS ***
Dealt to Gabrielfs13 [4c 9d]
Gabrielfs13: folds 
kurt_vonegut: folds 
Tob1asAK: raises 120 to 220
capetaum69: folds 
gkas71: folds 
vedgar: folds 
gasolin93rus: folds 
jonathanp260: calls 120
*** FLOP *** [2c 6d 8s]
jonathanp260: checks 
Tob1asAK: bets 153
jonathanp260: folds 
Uncalled bet (153) returned to Tob1asAK
Tob1asAK collected 610 from pot
Tob1asAK: doesn't show hand 
*** SUMMARY ***
Total pot 610 | Rake 0 
Board [2c 6d 8s]
Seat 1: gasolin93rus (small blind) folded before Flop
Seat 2: jonathanp260 (big blind) folded on the Flop
Seat 3: Gabrielfs13 folded before Flop (didn't bet)
Seat 4: kurt_vonegut folded before Flop (didn't bet)
Seat 5: Tob1asAK collected (610)
Seat 6: capetaum69 folded before Flop (didn't bet)
Seat 7: gkas71 folded before Flop (didn't bet)
Seat 8: vedgar (button) folded before Flop (didn't bet)



PokerStars Hand #257342477483: Tournament #3918386795, $1.44+$1.50+$0.36 USD Hold'em No Limit - Level VI (50/100) - 2025/08/14 16:22:09 BRT [2025/08/14 15:22:09 ET]
Table '3918386795 19' 8-max Seat #1 is the button
Seat 1: gasolin93rus (4281 in chips, $1.50 bounty) 
Seat 2: jonathanp260 (11741 in chips, $1.50 bounty) 
Seat 3: Gabrielfs13 (3897 in chips, $1.50 bounty) 
Seat 4: kurt_vonegut (9003 in chips, $2.25 bounty) 
Seat 5: Tob1asAK (10638 in chips, $2.25 bounty) 
Seat 6: capetaum69 (4970 in chips, $1.50 bounty) 
Seat 7: gkas71 (12221 in chips, $3.75 bounty) 
Seat 8: vedgar (4112 in chips, $1.50 bounty) 
gasolin93rus: posts the ante 15
jonathanp260: posts the ante 15
Gabrielfs13: posts the ante 15
kurt_vonegut: posts the ante 15
Tob1asAK: posts the ante 15
capetaum69: posts the ante 15
gkas71: posts the ante 15
vedgar: posts the ante 15
jonathanp260: posts small blind 50
Gabrielfs13: posts big blind 100
*** HOLE CARDS ***
Dealt to Gabrielfs13 [As Qs]
kurt_vonegut: folds 
Tob1asAK: folds 
capetaum69: folds 
gkas71: folds 
vedgar: folds 
gasolin93rus: raises 100 to 200
jonathanp260: folds 
Gabrielfs13: raises 400 to 600
gasolin93rus: folds 
Uncalled bet (400) returned to Gabrielfs13
Gabrielfs13 collected 570 from pot
Gabrielfs13: doesn't show hand 
*** SUMMARY ***
Total pot 570 | Rake 0 
Seat 1: gasolin93rus (button) folded before Flop
Seat 2: jonathanp260 (small blind) folded before Flop
Seat 3: Gabrielfs13 (big blind) collected (570)
Seat 4: kurt_vonegut folded before Flop (didn't bet)
Seat 5: Tob1asAK folded before Flop (didn't bet)
Seat 6: capetaum69 folded before Flop (didn't bet)
Seat 7: gkas71 folded before Flop (didn't bet)
Seat 8: vedgar folded before Flop (didn't bet)



PokerStars Hand #257342487311: Tournament #3918386795, $1.44+$1.50+$0.36 USD Hold'em No Limit - Level VI (50/100) - 2025/08/14 16:22:54 BRT [2025/08/14 15:22:54 ET]
Table '3918386795 19' 8-max Seat #2 is the button
Seat 1: gasolin93rus (4066 in chips, $1.50 bounty) 
Seat 2: jonathanp260 (11676 in chips, $1.50 bounty) 
Seat 3: Gabrielfs13 (4252 in chips, $1.50 bounty) 
Seat 4: kurt_vonegut (8988 in chips, $2.25 bounty) 
Seat 5: Tob1asAK (10623 in chips, $2.25 bounty) 
Seat 6: capetaum69 (4955 in chips, $1.50 bounty) 
Seat 7: gkas71 (12206 in chips, $3.75 bounty) 
Seat 8: vedgar (4097 in chips, $1.50 bounty) 
gasolin93rus: posts the ante 15
jonathanp260: posts the ante 15
Gabrielfs13: posts the ante 15
kurt_vonegut: posts the ante 15
Tob1asAK: posts the ante 15
capetaum69: posts the ante 15
gkas71: posts the ante 15
vedgar: posts the ante 15
Gabrielfs13: posts small blind 50
kurt_vonegut: posts big blind 100
*** HOLE CARDS ***
Dealt to Gabrielfs13 [2d 5c]
Tob1asAK: folds 
capetaum69: folds 
gkas71: raises 200 to 300
vedgar: folds 
gasolin93rus: folds 
jonathanp260: folds 
Gabrielfs13: folds 
kurt_vonegut: calls 200
*** FLOP *** [9d Kd 4d]
kurt_vonegut: checks 
gkas71: bets 200
kurt_vonegut: calls 200
*** TURN *** [9d Kd 4d] [9c]
kurt_vonegut: bets 585
gkas71: folds 
Uncalled bet (585) returned to kurt_vonegut
kurt_vonegut collected 1170 from pot
kurt_vonegut: doesn't show hand 
*** SUMMARY ***
Total pot 1170 | Rake 0 
Board [9d Kd 4d 9c]
Seat 1: gasolin93rus folded before Flop (didn't bet)
Seat 2: jonathanp260 (button) folded before Flop (didn't bet)
Seat 3: Gabrielfs13 (small blind) folded before Flop
Seat 4: kurt_vonegut (big blind) collected (1170)
Seat 5: Tob1asAK folded before Flop (didn't bet)
Seat 6: capetaum69 folded before Flop (didn't bet)
Seat 7: gkas71 folded on the Turn
Seat 8: vedgar folded before Flop (didn't bet)



PokerStars Hand #257342495362: Tournament #3918386795, $1.44+$1.50+$0.36 USD Hold'em No Limit - Level VI (50/100) - 2025/08/14 16:23:30 BRT [2025/08/14 15:23:30 ET]
Table '3918386795 19' 8-max Seat #3 is the button
Seat 1: gasolin93rus (4051 in chips, $1.50 bounty) 
Seat 2: jonathanp260 (11661 in chips, $1.50 bounty) 
Seat 3: Gabrielfs13 (4187 in chips, $1.50 bounty) 
Seat 4: kurt_vonegut (9643 in chips, $2.25 bounty) 
Seat 5: Tob1asAK (10608 in chips, $2.25 bounty) 
Seat 6: capetaum69 (4940 in chips, $1.50 bounty) 
Seat 7: gkas71 (11691 in chips, $3.75 bounty) 
Seat 8: vedgar (4082 in chips, $1.50 bounty) 
gasolin93rus: posts the ante 15
jonathanp260: posts the ante 15
Gabrielfs13: posts the ante 15
kurt_vonegut: posts the ante 15
Tob1asAK: posts the ante 15
capetaum69: posts the ante 15
gkas71: posts the ante 15
vedgar: posts the ante 15
kurt_vonegut: posts small blind 50
Tob1asAK: posts big blind 100
*** HOLE CARDS ***
Dealt to Gabrielfs13 [4d 9d]
capetaum69: raises 100 to 200
gkas71: folds 
vedgar: folds 
gasolin93rus: calls 200
jonathanp260: folds 
Gabrielfs13: folds 
kurt_vonegut: folds 
Tob1asAK: folds 
*** FLOP *** [2h 7c 6d]
capetaum69: checks 
gasolin93rus: bets 174
capetaum69: raises 255 to 429
gasolin93rus: raises 459 to 888
capetaum69: calls 459
*** TURN *** [2h 7c 6d] [6c]
capetaum69: checks 
gasolin93rus: checks 
*** RIVER *** [2h 7c 6d 6c] [6h]
capetaum69: bets 3837 and is all-in
gasolin93rus: calls 2948 and is all-in
Uncalled bet (889) returned to capetaum69
*** SHOW DOWN ***
capetaum69: shows [Ks Ts] (three of a kind, Sixes)
gasolin93rus: shows [Ad 2d] (a full house, Sixes full of Deuces)
gasolin93rus collected 8342 from pot
*** SUMMARY ***
Total pot 8342 | Rake 0 
Board [2h 7c 6d 6c 6h]
Seat 1: gasolin93rus showed [Ad 2d] and won (8342) with a full house, Sixes full of Deuces
Seat 2: jonathanp260 folded before Flop (didn't bet)
Seat 3: Gabrielfs13 (button) folded before Flop (didn't bet)
Seat 4: kurt_vonegut (small blind) folded before Flop
Seat 5: Tob1asAK (big blind) folded before Flop
Seat 6: capetaum69 showed [Ks Ts] and lost with three of a kind, Sixes
Seat 7: gkas71 folded before Flop (didn't bet)
Seat 8: vedgar folded before Flop (didn't bet)



PokerStars Hand #257342523219: Tournament #3918386795, $1.44+$1.50+$0.36 USD Hold'em No Limit - Level VII (60/120) - 2025/08/14 16:25:36 BRT [2025/08/14 15:25:36 ET]
Table '3918386795 19' 8-max Seat #4 is the button
Seat 1: gasolin93rus (8342 in chips, $1.50 bounty) 
Seat 2: jonathanp260 (11646 in chips, $1.50 bounty) 
Seat 3: Gabrielfs13 (4172 in chips, $1.50 bounty) 
Seat 4: kurt_vonegut (9578 in chips, $2.25 bounty) 
Seat 5: Tob1asAK (10493 in chips, $2.25 bounty) 
Seat 6: capetaum69 (889 in chips, $1.50 bounty) 
Seat 7: gkas71 (11676 in chips, $3.75 bounty) 
Seat 8: vedgar (4067 in chips, $1.50 bounty) 
gasolin93rus: posts the ante 18
jonathanp260: posts the ante 18
Gabrielfs13: posts the ante 18
kurt_vonegut: posts the ante 18
Tob1asAK: posts the ante 18
capetaum69: posts the ante 18
gkas71: posts the ante 18
vedgar: posts the ante 18
Tob1asAK: posts small blind 60
capetaum69: posts big blind 120
*** HOLE CARDS ***
Dealt to Gabrielfs13 [5d 9h]
gkas71: folds 
vedgar: raises 120 to 240
gasolin93rus: folds 
jonathanp260: folds 
Gabrielfs13: folds 
kurt_vonegut: folds 
Tob1asAK: calls 180
capetaum69: calls 120
*** FLOP *** [Tc 3h 5h]
Tob1asAK: checks 
capetaum69: bets 631 and is all-in
vedgar: raises 631 to 1262
Tob1asAK: calls 1262
*** TURN *** [Tc 3h 5h] [8s]
Tob1asAK: checks 
vedgar: bets 2547 and is all-in
Tob1asAK: calls 2547
*** RIVER *** [Tc 3h 5h 8s] [3s]
*** SHOW DOWN ***
Tob1asAK: shows [Th Kh] (two pair, Tens and Threes)
vedgar: shows [Ac Ks] (a pair of Threes)
Tob1asAK collected 6356 from side pot
capetaum69: shows [Ts 7s] (two pair, Tens and Threes - lower kicker)
Tob1asAK collected 2757 from main pot
Tob1asAK wins $0.75 for eliminating capetaum69 and their own bounty increases by $0.75 to $3
Tob1asAK wins $0.75 for eliminating vedgar and their own bounty increases by $0.75 to $3.75
vedgar finished the tournament
capetaum69 finished the tournament
*** SUMMARY ***
Total pot 9113 Main pot 2757. Side pot 6356. | Rake 0 
Board [Tc 3h 5h 8s 3s]
Seat 1: gasolin93rus folded before Flop (didn't bet)
Seat 2: jonathanp260 folded before Flop (didn't bet)
Seat 3: Gabrielfs13 folded before Flop (didn't bet)
Seat 4: kurt_vonegut (button) folded before Flop (didn't bet)
Seat 5: Tob1asAK (small blind) showed [Th Kh] and won (9113) with two pair, Tens and Threes
Seat 6: capetaum69 (big blind) showed [Ts 7s] and lost with two pair, Tens and Threes
Seat 7: gkas71 folded before Flop (didn't bet)
Seat 8: vedgar showed [Ac Ks] and lost with a pair of Threes



PokerStars Hand #257342544043: Tournament #3918386795, $1.44+$1.50+$0.36 USD Hold'em No Limit - Level VII (60/120) - 2025/08/14 16:27:10 BRT [2025/08/14 15:27:10 ET]
Table '3918386795 19' 8-max Seat #5 is the button
Seat 1: gasolin93rus (8324 in chips, $1.50 bounty) 
Seat 2: jonathanp260 (11628 in chips, $1.50 bounty) 
Seat 3: Gabrielfs13 (4154 in chips, $1.50 bounty) 
Seat 4: kurt_vonegut (9560 in chips, $2.25 bounty) 
Seat 5: Tob1asAK (15539 in chips, $3.75 bounty) 
Seat 6: Venomtank (2636 in chips) out of hand (moved from another table into small blind)
Seat 7: gkas71 (11658 in chips, $3.75 bounty) 
Venomtank will be allowed to play after the button
gasolin93rus: posts the ante 18
jonathanp260: posts the ante 18
Gabrielfs13: posts the ante 18
kurt_vonegut: posts the ante 18
Tob1asAK: posts the ante 18
gkas71: posts the ante 18
gkas71: posts small blind 60
gasolin93rus: posts big blind 120
*** HOLE CARDS ***
Dealt to Gabrielfs13 [Ad 2h]
jonathanp260: folds 
Gabrielfs13: folds 
kurt_vonegut: raises 120 to 240
Tob1asAK: folds 
whitty27ham is disconnected 
gkas71: calls 180
gasolin93rus: folds 
*** FLOP *** [6c 5s 8h]
gkas71: bets 240
kurt_vonegut: calls 240
*** TURN *** [6c 5s 8h] [Tc]
gkas71: bets 360
kurt_vonegut: folds 
Uncalled bet (360) returned to gkas71
gkas71 collected 1188 from pot
gkas71: doesn't show hand 
*** SUMMARY ***
Total pot 1188 | Rake 0 
Board [6c 5s 8h Tc]
Seat 1: gasolin93rus (big blind) folded before Flop
Seat 2: jonathanp260 folded before Flop (didn't bet)
Seat 3: Gabrielfs13 folded before Flop (didn't bet)
Seat 4: kurt_vonegut folded on the Turn
Seat 5: Tob1asAK (button) folded before Flop (didn't bet)
Seat 7: gkas71 (small blind) collected (1188)



PokerStars Hand #257342554875: Tournament #3918386795, $1.44+$1.50+$0.36 USD Hold'em No Limit - Level VII (60/120) - 2025/08/14 16:28:00 BRT [2025/08/14 15:28:00 ET]
Table '3918386795 19' 8-max Seat #7 is the button
Seat 1: gasolin93rus (8186 in chips, $1.50 bounty) 
Seat 2: jonathanp260 (11610 in chips, $1.50 bounty) 
Seat 3: Gabrielfs13 (4136 in chips, $1.50 bounty) 
Seat 4: kurt_vonegut (9062 in chips, $2.25 bounty) 
Seat 5: Tob1asAK (15521 in chips, $3.75 bounty) 
Seat 6: Venomtank (2636 in chips, $1.50 bounty) 
Seat 7: gkas71 (12348 in chips, $3.75 bounty) 
Seat 8: whitty27ham (5000 in chips) out of hand (moved from another table into small blind)
whitty27ham will be allowed to play after the button
gasolin93rus: posts the ante 18
jonathanp260: posts the ante 18
Gabrielfs13: posts the ante 18
kurt_vonegut: posts the ante 18
Tob1asAK: posts the ante 18
Venomtank: posts the ante 18
gkas71: posts the ante 18
gasolin93rus: posts small blind 60
jonathanp260: posts big blind 120
*** HOLE CARDS ***
Dealt to Gabrielfs13 [Kh 4h]
Gabrielfs13: raises 120 to 240
kurt_vonegut: folds 
Tob1asAK: folds 
Venomtank: folds 
gkas71: folds 
gasolin93rus: folds 
jonathanp260: calls 120
*** FLOP *** [3s 8c 8d]
jonathanp260: checks 
Gabrielfs13: bets 180
jonathanp260: calls 180
*** TURN *** [3s 8c 8d] [5c]
jonathanp260: checks 
Gabrielfs13: bets 513
jonathanp260: calls 513
*** RIVER *** [3s 8c 8d 5c] [4s]
jonathanp260: checks 
Gabrielfs13: checks 
*** SHOW DOWN ***
jonathanp260: shows [4d Ac] (two pair, Eights and Fours)
Gabrielfs13: mucks hand 
jonathanp260 collected 2052 from pot
*** SUMMARY ***
Total pot 2052 | Rake 0 
Board [3s 8c 8d 5c 4s]
Seat 1: gasolin93rus (small blind) folded before Flop
Seat 2: jonathanp260 (big blind) showed [4d Ac] and won (2052) with two pair, Eights and Fours
Seat 3: Gabrielfs13 mucked [Kh 4h]
Seat 4: kurt_vonegut folded before Flop (didn't bet)
Seat 5: Tob1asAK folded before Flop (didn't bet)
Seat 6: Venomtank folded before Flop (didn't bet)
Seat 7: gkas71 (button) folded before Flop (didn't bet)



PokerStars Hand #257342571763: Tournament #3918386795, $1.44+$1.50+$0.36 USD Hold'em No Limit - Level VII (60/120) - 2025/08/14 16:29:17 BRT [2025/08/14 15:29:17 ET]
Table '3918386795 19' 8-max Seat #1 is the button
Seat 1: gasolin93rus (8108 in chips, $1.50 bounty) 
Seat 2: jonathanp260 (12711 in chips, $1.50 bounty) 
Seat 3: Gabrielfs13 (3185 in chips, $1.50 bounty) 
Seat 4: kurt_vonegut (9044 in chips, $2.25 bounty) 
Seat 5: Tob1asAK (15503 in chips, $3.75 bounty) 
Seat 6: Venomtank (2618 in chips, $1.50 bounty) 
Seat 7: gkas71 (12330 in chips, $3.75 bounty) 
Seat 8: whitty27ham (5000 in chips, $1.50 bounty) 
gasolin93rus: posts the ante 18
jonathanp260: posts the ante 18
Gabrielfs13: posts the ante 18
kurt_vonegut: posts the ante 18
Tob1asAK: posts the ante 18
Venomtank: posts the ante 18
gkas71: posts the ante 18
whitty27ham: posts the ante 18
jonathanp260: posts small blind 60
Gabrielfs13: posts big blind 120
*** HOLE CARDS ***
Dealt to Gabrielfs13 [7s 6d]
kurt_vonegut: raises 120 to 240
Tob1asAK: folds 
Venomtank has timed out
Venomtank: folds 
Venomtank is sitting out
gkas71: calls 240
whitty27ham: folds 
gasolin93rus: calls 240
jonathanp260: folds 
Gabrielfs13: calls 120
*** FLOP *** [Qs Qd 7d]
Venomtank has returned
Gabrielfs13: checks 
kurt_vonegut: checks 
gkas71: bets 120
gasolin93rus: raises 420 to 540
Gabrielfs13: folds 
kurt_vonegut: calls 540
gkas71: folds 
*** TURN *** [Qs Qd 7d] [3c]
kurt_vonegut: checks 
gasolin93rus: bets 2151
kurt_vonegut: folds 
Uncalled bet (2151) returned to gasolin93rus
gasolin93rus collected 2364 from pot
gasolin93rus: doesn't show hand 
*** SUMMARY ***
Total pot 2364 | Rake 0 
Board [Qs Qd 7d 3c]
Seat 1: gasolin93rus (button) collected (2364)
Seat 2: jonathanp260 (small blind) folded before Flop
Seat 3: Gabrielfs13 (big blind) folded on the Flop
Seat 4: kurt_vonegut folded on the Turn
Seat 5: Tob1asAK folded before Flop (didn't bet)
Seat 6: Venomtank folded before Flop (didn't bet)
Seat 7: gkas71 folded on the Flop
Seat 8: whitty27ham folded before Flop (didn't bet)



PokerStars Hand #257342593288: Tournament #3918386795, $1.44+$1.50+$0.36 USD Hold'em No Limit - Level VII (60/120) - 2025/08/14 16:30:55 BRT [2025/08/14 15:30:55 ET]
Table '3918386795 19' 8-max Seat #2 is the button
Seat 1: gasolin93rus (9674 in chips, $1.50 bounty) 
Seat 2: jonathanp260 (12633 in chips, $1.50 bounty) 
Seat 3: Gabrielfs13 (2927 in chips, $1.50 bounty) 
Seat 4: kurt_vonegut (8246 in chips, $2.25 bounty) 
Seat 5: Tob1asAK (15485 in chips, $3.75 bounty) 
Seat 6: Venomtank (2600 in chips, $1.50 bounty) 
Seat 7: gkas71 (11952 in chips, $3.75 bounty) 
Seat 8: whitty27ham (4982 in chips, $1.50 bounty) 
gasolin93rus: posts the ante 18
jonathanp260: posts the ante 18
Gabrielfs13: posts the ante 18
kurt_vonegut: posts the ante 18
Tob1asAK: posts the ante 18
Venomtank: posts the ante 18
gkas71: posts the ante 18
whitty27ham: posts the ante 18
Gabrielfs13: posts small blind 60
kurt_vonegut: posts big blind 120
*** HOLE CARDS ***
Dealt to Gabrielfs13 [Js 7h]
Tob1asAK: folds 
Venomtank: folds 
gkas71: folds 
whitty27ham: folds 
gasolin93rus: folds 
jonathanp260: folds 
Gabrielfs13: raises 180 to 300
kurt_vonegut: calls 180
*** FLOP *** [Ad Ac Jh]
Gabrielfs13: checks 
kurt_vonegut: checks 
*** TURN *** [Ad Ac Jh] [5c]
Gabrielfs13: bets 180
kurt_vonegut: folds 
Uncalled bet (180) returned to Gabrielfs13
Gabrielfs13 collected 744 from pot
Gabrielfs13: doesn't show hand 
*** SUMMARY ***
Total pot 744 | Rake 0 
Board [Ad Ac Jh 5c]
Seat 1: gasolin93rus folded before Flop (didn't bet)
Seat 2: jonathanp260 (button) folded before Flop (didn't bet)
Seat 3: Gabrielfs13 (small blind) collected (744)
Seat 4: kurt_vonegut (big blind) folded on the Turn
Seat 5: Tob1asAK folded before Flop (didn't bet)
Seat 6: Venomtank folded before Flop (didn't bet)
Seat 7: gkas71 folded before Flop (didn't bet)
Seat 8: whitty27ham folded before Flop (didn't bet)



PokerStars Hand #257342602616: Tournament #3918386795, $1.44+$1.50+$0.36 USD Hold'em No Limit - Level VII (60/120) - 2025/08/14 16:31:37 BRT [2025/08/14 15:31:37 ET]
Table '3918386795 19' 8-max Seat #3 is the button
Seat 1: gasolin93rus (9656 in chips, $1.50 bounty) 
Seat 2: jonathanp260 (12615 in chips, $1.50 bounty) 
Seat 3: Gabrielfs13 (3353 in chips, $1.50 bounty) 
Seat 4: kurt_vonegut (7928 in chips, $2.25 bounty) 
Seat 5: Tob1asAK (15467 in chips, $3.75 bounty) 
Seat 6: Venomtank (2582 in chips, $1.50 bounty) 
Seat 7: gkas71 (11934 in chips, $3.75 bounty) 
Seat 8: whitty27ham (4964 in chips, $1.50 bounty) 
gasolin93rus: posts the ante 18
jonathanp260: posts the ante 18
Gabrielfs13: posts the ante 18
kurt_vonegut: posts the ante 18
Tob1asAK: posts the ante 18
Venomtank: posts the ante 18
gkas71: posts the ante 18
whitty27ham: posts the ante 18
kurt_vonegut: posts small blind 60
Tob1asAK: posts big blind 120
*** HOLE CARDS ***
Dealt to Gabrielfs13 [Jc 5d]
Venomtank: calls 120
gkas71: folds 
whitty27ham: folds 
gasolin93rus: raises 300 to 420
jonathanp260: folds 
Gabrielfs13: folds 
kurt_vonegut: folds 
Tob1asAK: folds 
Venomtank: calls 300
*** FLOP *** [3d Th Kd]
Venomtank: checks 
gasolin93rus: bets 1191
Venomtank: folds 
Uncalled bet (1191) returned to gasolin93rus
gasolin93rus collected 1164 from pot
gasolin93rus: doesn't show hand 
*** SUMMARY ***
Total pot 1164 | Rake 0 
Board [3d Th Kd]
Seat 1: gasolin93rus collected (1164)
Seat 2: jonathanp260 folded before Flop (didn't bet)
Seat 3: Gabrielfs13 (button) folded before Flop (didn't bet)
Seat 4: kurt_vonegut (small blind) folded before Flop
Seat 5: Tob1asAK (big blind) folded before Flop
Seat 6: Venomtank folded on the Flop
Seat 7: gkas71 folded before Flop (didn't bet)
Seat 8: whitty27ham folded before Flop (didn't bet)



PokerStars Hand #257342613972: Tournament #3918386795, $1.44+$1.50+$0.36 USD Hold'em No Limit - Level VII (60/120) - 2025/08/14 16:32:30 BRT [2025/08/14 15:32:30 ET]
Table '3918386795 19' 8-max Seat #4 is the button
Seat 1: gasolin93rus (10382 in chips, $1.50 bounty) 
Seat 2: jonathanp260 (12597 in chips, $1.50 bounty) 
Seat 3: Gabrielfs13 (3335 in chips, $1.50 bounty) 
Seat 4: kurt_vonegut (7850 in chips, $2.25 bounty) 
Seat 5: Tob1asAK (15329 in chips, $3.75 bounty) 
Seat 6: Venomtank (2144 in chips, $1.50 bounty) 
Seat 7: gkas71 (11916 in chips, $3.75 bounty) 
Seat 8: whitty27ham (4946 in chips, $1.50 bounty) 
gasolin93rus: posts the ante 18
jonathanp260: posts the ante 18
Gabrielfs13: posts the ante 18
kurt_vonegut: posts the ante 18
Tob1asAK: posts the ante 18
Venomtank: posts the ante 18
gkas71: posts the ante 18
whitty27ham: posts the ante 18
Tob1asAK: posts small blind 60
Venomtank: posts big blind 120
*** HOLE CARDS ***
Dealt to Gabrielfs13 [7h 4c]
gkas71: folds 
whitty27ham: folds 
gasolin93rus: folds 
jonathanp260: raises 120 to 240
Gabrielfs13: folds 
kurt_vonegut: folds 
Tob1asAK: folds 
Venomtank: raises 684 to 924
jonathanp260: raises 2556 to 3480
Venomtank: calls 1202 and is all-in
Uncalled bet (1354) returned to jonathanp260
*** FLOP *** [4s 2h 7d]
*** TURN *** [4s 2h 7d] [Jd]
*** RIVER *** [4s 2h 7d Jd] [2d]
*** SHOW DOWN ***
Venomtank: shows [Qh Qc] (two pair, Queens and Deuces)
jonathanp260: shows [Jc Ad] (two pair, Jacks and Deuces)
Venomtank collected 4456 from pot
*** SUMMARY ***
Total pot 4456 | Rake 0 
Board [4s 2h 7d Jd 2d]
Seat 1: gasolin93rus folded before Flop (didn't bet)
Seat 2: jonathanp260 showed [Jc Ad] and lost with two pair, Jacks and Deuces
Seat 3: Gabrielfs13 folded before Flop (didn't bet)
Seat 4: kurt_vonegut (button) folded before Flop (didn't bet)
Seat 5: Tob1asAK (small blind) folded before Flop
Seat 6: Venomtank (big blind) showed [Qh Qc] and won (4456) with two pair, Queens and Deuces
Seat 7: gkas71 folded before Flop (didn't bet)
Seat 8: whitty27ham folded before Flop (didn't bet)



PokerStars Hand #257342627256: Tournament #3918386795, $1.44+$1.50+$0.36 USD Hold'em No Limit - Level VIII (70/140) - 2025/08/14 16:33:31 BRT [2025/08/14 15:33:31 ET]
Table '3918386795 19' 8-max Seat #5 is the button
Seat 1: gasolin93rus (10364 in chips, $1.50 bounty) 
Seat 2: jonathanp260 (10453 in chips, $1.50 bounty) 
Seat 3: Gabrielfs13 (3317 in chips, $1.50 bounty) 
Seat 4: kurt_vonegut (7832 in chips, $2.25 bounty) 
Seat 5: Tob1asAK (15251 in chips, $3.75 bounty) 
Seat 6: Venomtank (4456 in chips, $1.50 bounty) 
Seat 7: gkas71 (11898 in chips, $3.75 bounty) 
Seat 8: whitty27ham (4928 in chips, $1.50 bounty) 
gasolin93rus: posts the ante 21
jonathanp260: posts the ante 21
Gabrielfs13: posts the ante 21
kurt_vonegut: posts the ante 21
Tob1asAK: posts the ante 21
Venomtank: posts the ante 21
gkas71: posts the ante 21
whitty27ham: posts the ante 21
Venomtank: posts small blind 70
gkas71: posts big blind 140
*** HOLE CARDS ***
Dealt to Gabrielfs13 [Kc 7s]
whitty27ham: calls 140
gasolin93rus: folds 
jonathanp260: folds 
Gabrielfs13: folds 
kurt_vonegut: raises 350 to 490
Tob1asAK: folds 
Venomtank: folds 
gkas71: folds 
whitty27ham: calls 350
*** FLOP *** [Jd 4d 6s]
whitty27ham: checks 
kurt_vonegut: bets 407
whitty27ham: calls 407
*** TURN *** [Jd 4d 6s] [Js]
whitty27ham: checks 
kurt_vonegut: bets 700
whitty27ham: calls 700
*** RIVER *** [Jd 4d 6s Js] [2d]
whitty27ham: checks 
kurt_vonegut: checks 
*** SHOW DOWN ***
whitty27ham: shows [Ad Th] (a pair of Jacks)
kurt_vonegut: shows [Td Ts] (two pair, Jacks and Tens)
kurt_vonegut collected 3572 from pot
*** SUMMARY ***
Total pot 3572 | Rake 0 
Board [Jd 4d 6s Js 2d]
Seat 1: gasolin93rus folded before Flop (didn't bet)
Seat 2: jonathanp260 folded before Flop (didn't bet)
Seat 3: Gabrielfs13 folded before Flop (didn't bet)
Seat 4: kurt_vonegut showed [Td Ts] and won (3572) with two pair, Jacks and Tens
Seat 5: Tob1asAK (button) folded before Flop (didn't bet)
Seat 6: Venomtank (small blind) folded before Flop
Seat 7: gkas71 (big blind) folded before Flop
Seat 8: whitty27ham showed [Ad Th] and lost with a pair of Jacks



PokerStars Hand #257342647930: Tournament #3918386795, $1.44+$1.50+$0.36 USD Hold'em No Limit - Level VIII (70/140) - 2025/08/14 16:35:04 BRT [2025/08/14 15:35:04 ET]
Table '3918386795 19' 8-max Seat #6 is the button
Seat 1: gasolin93rus (10343 in chips, $1.50 bounty) 
Seat 2: jonathanp260 (10432 in chips, $1.50 bounty) 
Seat 3: Gabrielfs13 (3296 in chips, $1.50 bounty) 
Seat 4: kurt_vonegut (9786 in chips, $2.25 bounty) 
Seat 5: Tob1asAK (15230 in chips, $3.75 bounty) 
Seat 6: Venomtank (4365 in chips, $1.50 bounty) 
Seat 7: gkas71 (11737 in chips, $3.75 bounty) 
Seat 8: whitty27ham (3310 in chips, $1.50 bounty) 
gasolin93rus: posts the ante 21
jonathanp260: posts the ante 21
Gabrielfs13: posts the ante 21
kurt_vonegut: posts the ante 21
Tob1asAK: posts the ante 21
Venomtank: posts the ante 21
gkas71: posts the ante 21
whitty27ham: posts the ante 21
gkas71: posts small blind 70
whitty27ham: posts big blind 140
*** HOLE CARDS ***
Dealt to Gabrielfs13 [Ts 3s]
gasolin93rus: folds 
jonathanp260: folds 
Gabrielfs13: folds 
kurt_vonegut: folds 
Tob1asAK: raises 168 to 308
Venomtank: calls 308
gkas71: folds 
whitty27ham: folds 
*** FLOP *** [3c 3h 5s]
Tob1asAK: bets 249
Venomtank: calls 249
*** TURN *** [3c 3h 5s] [Qh]
Tob1asAK: checks 
Venomtank: checks 
*** RIVER *** [3c 3h 5s Qh] [4h]
Tob1asAK: bets 1104
Venomtank: folds 
Uncalled bet (1104) returned to Tob1asAK
Tob1asAK collected 1492 from pot
Tob1asAK: doesn't show hand 
*** SUMMARY ***
Total pot 1492 | Rake 0 
Board [3c 3h 5s Qh 4h]
Seat 1: gasolin93rus folded before Flop (didn't bet)
Seat 2: jonathanp260 folded before Flop (didn't bet)
Seat 3: Gabrielfs13 folded before Flop (didn't bet)
Seat 4: kurt_vonegut folded before Flop (didn't bet)
Seat 5: Tob1asAK collected (1492)
Seat 6: Venomtank (button) folded on the River
Seat 7: gkas71 (small blind) folded before Flop
Seat 8: whitty27ham (big blind) folded before Flop



PokerStars Hand #257342659276: Tournament #3918386795, $1.44+$1.50+$0.36 USD Hold'em No Limit - Level VIII (70/140) - 2025/08/14 16:35:56 BRT [2025/08/14 15:35:56 ET]
Table '3918386795 19' 8-max Seat #7 is the button
Seat 1: gasolin93rus (10322 in chips, $1.50 bounty) 
Seat 2: jonathanp260 (10411 in chips, $1.50 bounty) 
Seat 3: Gabrielfs13 (3275 in chips, $1.50 bounty) 
Seat 4: kurt_vonegut (9765 in chips, $2.25 bounty) 
Seat 5: Tob1asAK (16144 in chips, $3.75 bounty) 
Seat 6: Venomtank (3787 in chips, $1.50 bounty) 
Seat 7: gkas71 (11646 in chips, $3.75 bounty) 
Seat 8: whitty27ham (3149 in chips, $1.50 bounty) 
gasolin93rus: posts the ante 21
jonathanp260: posts the ante 21
Gabrielfs13: posts the ante 21
kurt_vonegut: posts the ante 21
Tob1asAK: posts the ante 21
Venomtank: posts the ante 21
gkas71: posts the ante 21
whitty27ham: posts the ante 21
whitty27ham: posts small blind 70
gasolin93rus: posts big blind 140
*** HOLE CARDS ***
Dealt to Gabrielfs13 [7c 5d]
jonathanp260: folds 
Gabrielfs13: folds 
kurt_vonegut: folds 
Tob1asAK: folds 
Venomtank: folds 
gkas71: folds 
whitty27ham: folds 
Uncalled bet (70) returned to gasolin93rus
gasolin93rus collected 308 from pot
gasolin93rus: doesn't show hand 
*** SUMMARY ***
Total pot 308 | Rake 0 
Seat 1: gasolin93rus (big blind) collected (308)
Seat 2: jonathanp260 folded before Flop (didn't bet)
Seat 3: Gabrielfs13 folded before Flop (didn't bet)
Seat 4: kurt_vonegut folded before Flop (didn't bet)
Seat 5: Tob1asAK folded before Flop (didn't bet)
Seat 6: Venomtank folded before Flop (didn't bet)
Seat 7: gkas71 (button) folded before Flop (didn't bet)
Seat 8: whitty27ham (small blind) folded before Flop



PokerStars Hand #257342673532: Tournament #3918386795, $1.44+$1.50+$0.36 USD Hold'em No Limit - Level VIII (70/140) - 2025/08/14 16:37:02 BRT [2025/08/14 15:37:02 ET]
Table '3918386795 19' 8-max Seat #8 is the button
Seat 1: gasolin93rus (10539 in chips, $1.50 bounty) 
Seat 2: jonathanp260 (10390 in chips, $1.50 bounty) 
Seat 3: Gabrielfs13 (3254 in chips, $1.50 bounty) 
Seat 4: kurt_vonegut (9744 in chips, $2.25 bounty) 
Seat 5: Tob1asAK (16123 in chips, $3.75 bounty) 
Seat 6: Venomtank (3766 in chips, $1.50 bounty) 
Seat 7: gkas71 (11625 in chips, $3.75 bounty) 
Seat 8: whitty27ham (3058 in chips, $1.50 bounty) 
gasolin93rus: posts the ante 21
jonathanp260: posts the ante 21
Gabrielfs13: posts the ante 21
kurt_vonegut: posts the ante 21
Tob1asAK: posts the ante 21
Venomtank: posts the ante 21
gkas71: posts the ante 21
whitty27ham: posts the ante 21
gasolin93rus: posts small blind 70
jonathanp260: posts big blind 140
*** HOLE CARDS ***
Dealt to Gabrielfs13 [5c Tc]
Gabrielfs13: folds 
kurt_vonegut: folds 
Tob1asAK: folds 
Venomtank: folds 
gkas71: folds 
whitty27ham: folds 
gasolin93rus: calls 70
jonathanp260: checks 
*** FLOP *** [Qd 8c As]
gasolin93rus: bets 140
jonathanp260: calls 140
*** TURN *** [Qd 8c As] [3s]
gasolin93rus: checks 
jonathanp260: checks 
*** RIVER *** [Qd 8c As 3s] [7s]
gasolin93rus has timed out
gasolin93rus: checks 
jonathanp260: bets 781
gasolin93rus: folds 
Uncalled bet (781) returned to jonathanp260
jonathanp260 collected 728 from pot
jonathanp260: doesn't show hand 
*** SUMMARY ***
Total pot 728 | Rake 0 
Board [Qd 8c As 3s 7s]
Seat 1: gasolin93rus (small blind) folded on the River
Seat 2: jonathanp260 (big blind) collected (728)
Seat 3: Gabrielfs13 folded before Flop (didn't bet)
Seat 4: kurt_vonegut folded before Flop (didn't bet)
Seat 5: Tob1asAK folded before Flop (didn't bet)
Seat 6: Venomtank folded before Flop (didn't bet)
Seat 7: gkas71 folded before Flop (didn't bet)
Seat 8: whitty27ham (button) folded before Flop (didn't bet)



PokerStars Hand #257342698713: Tournament #3918386795, $1.44+$1.50+$0.36 USD Hold'em No Limit - Level VIII (70/140) - 2025/08/14 16:38:56 BRT [2025/08/14 15:38:56 ET]
Table '3918386795 19' 8-max Seat #1 is the button
Seat 1: gasolin93rus (10238 in chips, $1.50 bounty) 
Seat 2: jonathanp260 (10817 in chips, $1.50 bounty) 
Seat 3: Gabrielfs13 (3233 in chips, $1.50 bounty) 
Seat 4: kurt_vonegut (9723 in chips, $2.25 bounty) 
Seat 5: Tob1asAK (16102 in chips, $3.75 bounty) 
Seat 6: Venomtank (3745 in chips, $1.50 bounty) 
Seat 7: gkas71 (11604 in chips, $3.75 bounty) 
Seat 8: whitty27ham (3037 in chips, $1.50 bounty) 
gasolin93rus: posts the ante 21
jonathanp260: posts the ante 21
Gabrielfs13: posts the ante 21
kurt_vonegut: posts the ante 21
Tob1asAK: posts the ante 21
Venomtank: posts the ante 21
gkas71: posts the ante 21
whitty27ham: posts the ante 21
jonathanp260: posts small blind 70
Gabrielfs13: posts big blind 140
*** HOLE CARDS ***
Dealt to Gabrielfs13 [3c 4d]
kurt_vonegut: folds 
Tob1asAK: folds 
Venomtank: folds 
gkas71: folds 
whitty27ham has timed out
whitty27ham: folds 
whitty27ham is sitting out
gasolin93rus: raises 140 to 280
jonathanp260: folds 
Gabrielfs13: folds 
Uncalled bet (140) returned to gasolin93rus
gasolin93rus collected 518 from pot
gasolin93rus: doesn't show hand 
*** SUMMARY ***
Total pot 518 | Rake 0 
Seat 1: gasolin93rus (button) collected (518)
Seat 2: jonathanp260 (small blind) folded before Flop
Seat 3: Gabrielfs13 (big blind) folded before Flop
Seat 4: kurt_vonegut folded before Flop (didn't bet)
Seat 5: Tob1asAK folded before Flop (didn't bet)
Seat 6: Venomtank folded before Flop (didn't bet)
Seat 7: gkas71 folded before Flop (didn't bet)
Seat 8: whitty27ham folded before Flop (didn't bet)



PokerStars Hand #257342713247: Tournament #3918386795, $1.44+$1.50+$0.36 USD Hold'em No Limit - Level VIII (70/140) - 2025/08/14 16:40:01 BRT [2025/08/14 15:40:01 ET]
Table '3918386795 19' 8-max Seat #2 is the button
Seat 1: gasolin93rus (10595 in chips, $1.50 bounty) 
Seat 2: jonathanp260 (10726 in chips, $1.50 bounty) 
Seat 3: Gabrielfs13 (3072 in chips, $1.50 bounty) 
Seat 4: kurt_vonegut (9702 in chips, $2.25 bounty) 
Seat 5: Tob1asAK (16081 in chips, $3.75 bounty) 
Seat 6: Venomtank (3724 in chips, $1.50 bounty) 
Seat 7: gkas71 (11583 in chips, $3.75 bounty) 
Seat 8: whitty27ham (3016 in chips, $1.50 bounty) is sitting out
gasolin93rus: posts the ante 21
jonathanp260: posts the ante 21
Gabrielfs13: posts the ante 21
kurt_vonegut: posts the ante 21
Tob1asAK: posts the ante 21
Venomtank: posts the ante 21
gkas71: posts the ante 21
whitty27ham: posts the ante 21
Gabrielfs13: posts small blind 70
kurt_vonegut: posts big blind 140
*** HOLE CARDS ***
Dealt to Gabrielfs13 [Td 6c]
Tob1asAK: folds 
Venomtank: folds 
gkas71: folds 
whitty27ham: folds 
gasolin93rus: raises 140 to 280
jonathanp260: folds 
Gabrielfs13: folds 
kurt_vonegut: raises 840 to 1120
gasolin93rus has timed out
gasolin93rus: folds 
gasolin93rus is sitting out
Uncalled bet (840) returned to kurt_vonegut
gasolin93rus has returned
kurt_vonegut collected 798 from pot
kurt_vonegut: doesn't show hand 
*** SUMMARY ***
Total pot 798 | Rake 0 
Seat 1: gasolin93rus folded before Flop
Seat 2: jonathanp260 (button) folded before Flop (didn't bet)
Seat 3: Gabrielfs13 (small blind) folded before Flop
Seat 4: kurt_vonegut (big blind) collected (798)
Seat 5: Tob1asAK folded before Flop (didn't bet)
Seat 6: Venomtank folded before Flop (didn't bet)
Seat 7: gkas71 folded before Flop (didn't bet)
Seat 8: whitty27ham folded before Flop (didn't bet)



PokerStars Hand #257342727343: Tournament #3918386795, $1.44+$1.50+$0.36 USD Hold'em No Limit - Level VIII (70/140) - 2025/08/14 16:41:05 BRT [2025/08/14 15:41:05 ET]
Table '3918386795 19' 8-max Seat #3 is the button
Seat 1: gasolin93rus (10294 in chips, $1.50 bounty) 
Seat 2: jonathanp260 (10705 in chips, $1.50 bounty) 
Seat 3: Gabrielfs13 (2981 in chips, $1.50 bounty) 
Seat 4: kurt_vonegut (10199 in chips, $2.25 bounty) 
Seat 5: Tob1asAK (16060 in chips, $3.75 bounty) 
Seat 6: Venomtank (3703 in chips, $1.50 bounty) 
Seat 7: gkas71 (11562 in chips, $3.75 bounty) 
Seat 8: whitty27ham (2995 in chips, $1.50 bounty) is sitting out
gasolin93rus: posts the ante 21
jonathanp260: posts the ante 21
Gabrielfs13: posts the ante 21
kurt_vonegut: posts the ante 21
Tob1asAK: posts the ante 21
Venomtank: posts the ante 21
gkas71: posts the ante 21
whitty27ham: posts the ante 21
kurt_vonegut: posts small blind 70
Tob1asAK: posts big blind 140
*** HOLE CARDS ***
Dealt to Gabrielfs13 [Qc Td]
Venomtank: folds 
whitty27ham has returned
gkas71: folds 
whitty27ham has timed out
whitty27ham: folds 
whitty27ham is sitting out
gasolin93rus: folds 
jonathanp260: folds 
Gabrielfs13: raises 140 to 280
kurt_vonegut: raises 840 to 1120
Tob1asAK: folds 
whitty27ham has returned
Gabrielfs13: folds 
Uncalled bet (840) returned to kurt_vonegut
kurt_vonegut collected 868 from pot
kurt_vonegut: doesn't show hand 
*** SUMMARY ***
Total pot 868 | Rake 0 
Seat 1: gasolin93rus folded before Flop (didn't bet)
Seat 2: jonathanp260 folded before Flop (didn't bet)
Seat 3: Gabrielfs13 (button) folded before Flop
Seat 4: kurt_vonegut (small blind) collected (868)
Seat 5: Tob1asAK (big blind) folded before Flop
Seat 6: Venomtank folded before Flop (didn't bet)
Seat 7: gkas71 folded before Flop (didn't bet)
Seat 8: whitty27ham folded before Flop (didn't bet)



PokerStars Hand #257342741497: Tournament #3918386795, $1.44+$1.50+$0.36 USD Hold'em No Limit - Level IX (80/160) - 2025/08/14 16:42:09 BRT [2025/08/14 15:42:09 ET]
Table '3918386795 19' 8-max Seat #4 is the button
Seat 1: gasolin93rus (10273 in chips, $1.50 bounty) 
Seat 2: jonathanp260 (10684 in chips, $1.50 bounty) 
Seat 3: Gabrielfs13 (2680 in chips, $1.50 bounty) 
Seat 4: kurt_vonegut (10766 in chips, $2.25 bounty) 
Seat 5: Tob1asAK (15899 in chips, $3.75 bounty) 
Seat 6: Venomtank (3682 in chips, $1.50 bounty) 
Seat 7: gkas71 (11541 in chips, $3.75 bounty) 
Seat 8: whitty27ham (2974 in chips, $1.50 bounty) 
gasolin93rus: posts the ante 24
jonathanp260: posts the ante 24
Gabrielfs13: posts the ante 24
kurt_vonegut: posts the ante 24
Tob1asAK: posts the ante 24
Venomtank: posts the ante 24
gkas71: posts the ante 24
whitty27ham: posts the ante 24
Tob1asAK: posts small blind 80
Venomtank: posts big blind 160
*** HOLE CARDS ***
Dealt to Gabrielfs13 [9d 8c]
gkas71: folds 
whitty27ham: raises 160 to 320
gasolin93rus: folds 
jonathanp260: folds 
Gabrielfs13: folds 
kurt_vonegut: folds 
Tob1asAK: folds 
Venomtank: calls 160
*** FLOP *** [Qc As 4c]
Venomtank: checks 
whitty27ham: bets 456
Venomtank: folds 
Uncalled bet (456) returned to whitty27ham
whitty27ham collected 912 from pot
whitty27ham: doesn't show hand 
*** SUMMARY ***
Total pot 912 | Rake 0 
Board [Qc As 4c]
Seat 1: gasolin93rus folded before Flop (didn't bet)
Seat 2: jonathanp260 folded before Flop (didn't bet)
Seat 3: Gabrielfs13 folded before Flop (didn't bet)
Seat 4: kurt_vonegut (button) folded before Flop (didn't bet)
Seat 5: Tob1asAK (small blind) folded before Flop
Seat 6: Venomtank (big blind) folded on the Flop
Seat 7: gkas71 folded before Flop (didn't bet)
Seat 8: whitty27ham collected (912)



PokerStars Hand #257342753888: Tournament #3918386795, $1.44+$1.50+$0.36 USD Hold'em No Limit - Level IX (80/160) - 2025/08/14 16:43:05 BRT [2025/08/14 15:43:05 ET]
Table '3918386795 19' 8-max Seat #5 is the button
Seat 1: gasolin93rus (10249 in chips, $1.50 bounty) 
Seat 2: jonathanp260 (10660 in chips, $1.50 bounty) 
Seat 3: Gabrielfs13 (2656 in chips, $1.50 bounty) 
Seat 4: kurt_vonegut (10742 in chips, $2.25 bounty) 
Seat 5: Tob1asAK (15795 in chips, $3.75 bounty) 
Seat 6: Venomtank (3338 in chips, $1.50 bounty) 
Seat 7: gkas71 (11517 in chips, $3.75 bounty) 
Seat 8: whitty27ham (3542 in chips, $1.50 bounty) 
gasolin93rus: posts the ante 24
jonathanp260: posts the ante 24
Gabrielfs13: posts the ante 24
kurt_vonegut: posts the ante 24
Tob1asAK: posts the ante 24
Venomtank: posts the ante 24
gkas71: posts the ante 24
whitty27ham: posts the ante 24
Venomtank: posts small blind 80
gkas71: posts big blind 160
*** HOLE CARDS ***
Dealt to Gabrielfs13 [7d 3s]
whitty27ham: folds 
gasolin93rus: folds 
jonathanp260: raises 160 to 320
Gabrielfs13: folds 
kurt_vonegut: raises 640 to 960
Tob1asAK: folds 
Venomtank: folds 
gkas71: folds 
jonathanp260: folds 
Uncalled bet (640) returned to kurt_vonegut
kurt_vonegut collected 1072 from pot
kurt_vonegut: doesn't show hand 
*** SUMMARY ***
Total pot 1072 | Rake 0 
Seat 1: gasolin93rus folded before Flop (didn't bet)
Seat 2: jonathanp260 folded before Flop
Seat 3: Gabrielfs13 folded before Flop (didn't bet)
Seat 4: kurt_vonegut collected (1072)
Seat 5: Tob1asAK (button) folded before Flop (didn't bet)
Seat 6: Venomtank (small blind) folded before Flop
Seat 7: gkas71 (big blind) folded before Flop
Seat 8: whitty27ham folded before Flop (didn't bet)



PokerStars Hand #257342763922: Tournament #3918386795, $1.44+$1.50+$0.36 USD Hold'em No Limit - Level IX (80/160) - 2025/08/14 16:43:51 BRT [2025/08/14 15:43:51 ET]
Table '3918386795 19' 8-max Seat #6 is the button
Seat 1: gasolin93rus (10225 in chips, $1.50 bounty) 
Seat 2: jonathanp260 (10316 in chips, $1.50 bounty) 
Seat 3: Gabrielfs13 (2632 in chips, $1.50 bounty) 
Seat 4: kurt_vonegut (11470 in chips, $2.25 bounty) 
Seat 5: Tob1asAK (15771 in chips, $3.75 bounty) 
Seat 6: Venomtank (3234 in chips, $1.50 bounty) 
Seat 7: gkas71 (11333 in chips, $3.75 bounty) 
Seat 8: whitty27ham (3518 in chips, $1.50 bounty) 
gasolin93rus: posts the ante 24
jonathanp260: posts the ante 24
Gabrielfs13: posts the ante 24
kurt_vonegut: posts the ante 24
Tob1asAK: posts the ante 24
Venomtank: posts the ante 24
gkas71: posts the ante 24
whitty27ham: posts the ante 24
gkas71: posts small blind 80
whitty27ham: posts big blind 160
*** HOLE CARDS ***
Dealt to Gabrielfs13 [Kc 4h]
gasolin93rus: folds 
jonathanp260: folds 
Gabrielfs13: folds 
kurt_vonegut: raises 160 to 320
Tob1asAK: folds 
Venomtank: folds 
gkas71: folds 
whitty27ham has timed out
whitty27ham: folds 
whitty27ham is sitting out
Uncalled bet (160) returned to kurt_vonegut
kurt_vonegut collected 592 from pot
kurt_vonegut: doesn't show hand 
*** SUMMARY ***
Total pot 592 | Rake 0 
Seat 1: gasolin93rus folded before Flop (didn't bet)
Seat 2: jonathanp260 folded before Flop (didn't bet)
Seat 3: Gabrielfs13 folded before Flop (didn't bet)
Seat 4: kurt_vonegut collected (592)
Seat 5: Tob1asAK folded before Flop (didn't bet)
Seat 6: Venomtank (button) folded before Flop (didn't bet)
Seat 7: gkas71 (small blind) folded before Flop
Seat 8: whitty27ham (big blind) folded before Flop



PokerStars Hand #257342774862: Tournament #3918386795, $1.44+$1.50+$0.36 USD Hold'em No Limit - Level IX (80/160) - 2025/08/14 16:44:41 BRT [2025/08/14 15:44:41 ET]
Table '3918386795 19' 8-max Seat #7 is the button
Seat 1: gasolin93rus (10201 in chips, $1.50 bounty) 
Seat 2: jonathanp260 (10292 in chips, $1.50 bounty) 
Seat 3: Gabrielfs13 (2608 in chips, $1.50 bounty) 
Seat 4: kurt_vonegut (11878 in chips, $2.25 bounty) 
Seat 5: Tob1asAK (15747 in chips, $3.75 bounty) 
Seat 6: Venomtank (3210 in chips, $1.50 bounty) 
Seat 7: gkas71 (11229 in chips, $3.75 bounty) 
Seat 8: whitty27ham (3334 in chips, $1.50 bounty) is sitting out
gasolin93rus: posts the ante 24
jonathanp260: posts the ante 24
Gabrielfs13: posts the ante 24
kurt_vonegut: posts the ante 24
Tob1asAK: posts the ante 24
Venomtank: posts the ante 24
gkas71: posts the ante 24
whitty27ham: posts the ante 24
whitty27ham: posts small blind 80
gasolin93rus: posts big blind 160
*** HOLE CARDS ***
Dealt to Gabrielfs13 [4h 3d]
whitty27ham has returned
jonathanp260: folds 
Gabrielfs13: folds 
kurt_vonegut: folds 
Tob1asAK: folds 
Venomtank: folds 
gkas71: raises 592 to 752
whitty27ham: folds 
gasolin93rus: folds 
Uncalled bet (592) returned to gkas71
gkas71 collected 592 from pot
gkas71: doesn't show hand 
*** SUMMARY ***
Total pot 592 | Rake 0 
Seat 1: gasolin93rus (big blind) folded before Flop
Seat 2: jonathanp260 folded before Flop (didn't bet)
Seat 3: Gabrielfs13 folded before Flop (didn't bet)
Seat 4: kurt_vonegut folded before Flop (didn't bet)
Seat 5: Tob1asAK folded before Flop (didn't bet)
Seat 6: Venomtank folded before Flop (didn't bet)
Seat 7: gkas71 (button) collected (592)
Seat 8: whitty27ham (small blind) folded before Flop



PokerStars Hand #257342785759: Tournament #3918386795, $1.44+$1.50+$0.36 USD Hold'em No Limit - Level IX (80/160) - 2025/08/14 16:45:30 BRT [2025/08/14 15:45:30 ET]
Table '3918386795 19' 8-max Seat #8 is the button
Seat 1: gasolin93rus (10017 in chips, $1.50 bounty) 
Seat 2: jonathanp260 (10268 in chips, $1.50 bounty) 
Seat 3: Gabrielfs13 (2584 in chips, $1.50 bounty) 
Seat 4: kurt_vonegut (11854 in chips, $2.25 bounty) 
Seat 5: Tob1asAK (15723 in chips, $3.75 bounty) 
Seat 6: Venomtank (3186 in chips, $1.50 bounty) 
Seat 7: gkas71 (11637 in chips, $3.75 bounty) 
Seat 8: whitty27ham (3230 in chips, $1.50 bounty) 
gasolin93rus: posts the ante 24
jonathanp260: posts the ante 24
Gabrielfs13: posts the ante 24
kurt_vonegut: posts the ante 24
Tob1asAK: posts the ante 24
Venomtank: posts the ante 24
gkas71: posts the ante 24
whitty27ham: posts the ante 24
gasolin93rus: posts small blind 80
jonathanp260: posts big blind 160
*** HOLE CARDS ***
Dealt to Gabrielfs13 [9s 7s]
Gabrielfs13: folds 
kurt_vonegut: folds 
Tob1asAK: folds 
Venomtank: folds 
gkas71: folds 
whitty27ham: raises 160 to 320
gasolin93rus: folds 
jonathanp260: raises 9924 to 10244 and is all-in
whitty27ham: folds 
Uncalled bet (9924) returned to jonathanp260
jonathanp260 collected 912 from pot
jonathanp260: doesn't show hand 
*** SUMMARY ***
Total pot 912 | Rake 0 
Seat 1: gasolin93rus (small blind) folded before Flop
Seat 2: jonathanp260 (big blind) collected (912)
Seat 3: Gabrielfs13 folded before Flop (didn't bet)
Seat 4: kurt_vonegut folded before Flop (didn't bet)
Seat 5: Tob1asAK folded before Flop (didn't bet)
Seat 6: Venomtank folded before Flop (didn't bet)
Seat 7: gkas71 folded before Flop (didn't bet)
Seat 8: whitty27ham (button) folded before Flop



PokerStars Hand #257342797677: Tournament #3918386795, $1.44+$1.50+$0.36 USD Hold'em No Limit - Level IX (80/160) - 2025/08/14 16:46:25 BRT [2025/08/14 15:46:25 ET]
Table '3918386795 19' 8-max Seat #1 is the button
Seat 1: gasolin93rus (9913 in chips, $1.50 bounty) 
Seat 2: jonathanp260 (10836 in chips, $1.50 bounty) 
Seat 3: Gabrielfs13 (2560 in chips, $1.50 bounty) 
Seat 4: kurt_vonegut (11830 in chips, $2.25 bounty) 
Seat 5: Tob1asAK (15699 in chips, $3.75 bounty) 
Seat 6: Venomtank (3162 in chips, $1.50 bounty) 
Seat 7: gkas71 (11613 in chips, $3.75 bounty) 
Seat 8: whitty27ham (2886 in chips, $1.50 bounty) 
gasolin93rus: posts the ante 24
jonathanp260: posts the ante 24
Gabrielfs13: posts the ante 24
kurt_vonegut: posts the ante 24
Tob1asAK: posts the ante 24
Venomtank: posts the ante 24
gkas71: posts the ante 24
whitty27ham: posts the ante 24
jonathanp260: posts small blind 80
Gabrielfs13: posts big blind 160
*** HOLE CARDS ***
Dealt to Gabrielfs13 [8s 9h]
kurt_vonegut: folds 
Tob1asAK: folds 
Venomtank: folds 
gkas71: folds 
whitty27ham: raises 160 to 320
gasolin93rus: raises 2240 to 2560
jonathanp260: folds 
Gabrielfs13: folds 
whitty27ham: raises 302 to 2862 and is all-in
gasolin93rus: calls 302
*** FLOP *** [Qs Ah 6h]
*** TURN *** [Qs Ah 6h] [Qd]
*** RIVER *** [Qs Ah 6h Qd] [2h]
*** SHOW DOWN ***
whitty27ham: shows [Tc Ac] (two pair, Aces and Queens)
gasolin93rus: shows [As Qc] (a full house, Queens full of Aces)
gasolin93rus collected 6156 from pot
gasolin93rus wins $0.75 for eliminating whitty27ham and their own bounty increases by $0.75 to $2.25
whitty27ham finished the tournament
*** SUMMARY ***
Total pot 6156 | Rake 0 
Board [Qs Ah 6h Qd 2h]
Seat 1: gasolin93rus (button) showed [As Qc] and won (6156) with a full house, Queens full of Aces
Seat 2: jonathanp260 (small blind) folded before Flop
Seat 3: Gabrielfs13 (big blind) folded before Flop
Seat 4: kurt_vonegut folded before Flop (didn't bet)
Seat 5: Tob1asAK folded before Flop (didn't bet)
Seat 6: Venomtank folded before Flop (didn't bet)
Seat 7: gkas71 folded before Flop (didn't bet)
Seat 8: whitty27ham showed [Tc Ac] and lost with two pair, Aces and Queens



PokerStars Hand #257342809863: Tournament #3918386795, $1.44+$1.50+$0.36 USD Hold'em No Limit - Level IX (80/160) - 2025/08/14 16:47:20 BRT [2025/08/14 15:47:20 ET]
Table '3918386795 19' 8-max Seat #2 is the button
Seat 1: gasolin93rus (13183 in chips, $2.25 bounty) 
Seat 2: jonathanp260 (10732 in chips, $1.50 bounty) 
Seat 3: Gabrielfs13 (2376 in chips, $1.50 bounty) 
Seat 4: kurt_vonegut (11806 in chips, $2.25 bounty) 
Seat 5: Tob1asAK (15675 in chips, $3.75 bounty) 
Seat 6: Venomtank (3138 in chips, $1.50 bounty) 
Seat 7: gkas71 (11589 in chips, $3.75 bounty) 
gasolin93rus: posts the ante 24
jonathanp260: posts the ante 24
Gabrielfs13: posts the ante 24
kurt_vonegut: posts the ante 24
Tob1asAK: posts the ante 24
Venomtank: posts the ante 24
gkas71: posts the ante 24
Gabrielfs13: posts small blind 80
kurt_vonegut: posts big blind 160
*** HOLE CARDS ***
Dealt to Gabrielfs13 [Qd 3c]
Tob1asAK: folds 
Venomtank: folds 
gkas71: raises 160 to 320
gasolin93rus: folds 
jonathanp260: folds 
Gabrielfs13: folds 
kurt_vonegut: folds 
Uncalled bet (160) returned to gkas71
gkas71 collected 568 from pot
gkas71: doesn't show hand 
*** SUMMARY ***
Total pot 568 | Rake 0 
Seat 1: gasolin93rus folded before Flop (didn't bet)
Seat 2: jonathanp260 (button) folded before Flop (didn't bet)
Seat 3: Gabrielfs13 (small blind) folded before Flop
Seat 4: kurt_vonegut (big blind) folded before Flop
Seat 5: Tob1asAK folded before Flop (didn't bet)
Seat 6: Venomtank folded before Flop (didn't bet)
Seat 7: gkas71 collected (568)



PokerStars Hand #257342823072: Tournament #3918386795, $1.44+$1.50+$0.36 USD Hold'em No Limit - Level IX (80/160) - 2025/08/14 16:48:19 BRT [2025/08/14 15:48:19 ET]
Table '3918386795 19' 8-max Seat #3 is the button
Seat 1: gasolin93rus (13159 in chips, $2.25 bounty) 
Seat 2: jonathanp260 (10708 in chips, $1.50 bounty) 
Seat 3: Gabrielfs13 (2272 in chips, $1.50 bounty) 
Seat 4: kurt_vonegut (11622 in chips, $2.25 bounty) 
Seat 5: Tob1asAK (15651 in chips, $3.75 bounty) 
Seat 6: Venomtank (3114 in chips, $1.50 bounty) 
Seat 7: gkas71 (11973 in chips, $3.75 bounty) 
gasolin93rus: posts the ante 24
jonathanp260: posts the ante 24
Gabrielfs13: posts the ante 24
kurt_vonegut: posts the ante 24
Tob1asAK: posts the ante 24
Venomtank: posts the ante 24
gkas71: posts the ante 24
kurt_vonegut: posts small blind 80
Tob1asAK: posts big blind 160
*** HOLE CARDS ***
Dealt to Gabrielfs13 [2h Ad]
Venomtank: calls 160
gkas71: raises 728 to 888
colinrr1 is disconnected 
gasolin93rus: folds 
jonathanp260: raises 9796 to 10684 and is all-in
Gabrielfs13: folds 
kurt_vonegut: folds 
Tob1asAK: folds 
Venomtank: folds 
gkas71: calls 9796
*** FLOP *** [3c Th 4d]
*** TURN *** [3c Th 4d] [Ks]
*** RIVER *** [3c Th 4d Ks] [2c]
*** SHOW DOWN ***
gkas71: shows [Kc Qc] (a pair of Kings)
jonathanp260: shows [Ts Td] (three of a kind, Tens)
jonathanp260 collected 21936 from pot
*** SUMMARY ***
Total pot 21936 | Rake 0 
Board [3c Th 4d Ks 2c]
Seat 1: gasolin93rus folded before Flop (didn't bet)
Seat 2: jonathanp260 showed [Ts Td] and won (21936) with three of a kind, Tens
Seat 3: Gabrielfs13 (button) folded before Flop (didn't bet)
Seat 4: kurt_vonegut (small blind) folded before Flop
Seat 5: Tob1asAK (big blind) folded before Flop
Seat 6: Venomtank folded before Flop
Seat 7: gkas71 showed [Kc Qc] and lost with a pair of Kings



PokerStars Hand #257342839772: Tournament #3918386795, $1.44+$1.50+$0.36 USD Hold'em No Limit - Level X (90/180) - 2025/08/14 16:49:35 BRT [2025/08/14 15:49:35 ET]
Table '3918386795 19' 8-max Seat #4 is the button
Seat 1: gasolin93rus (13135 in chips, $2.25 bounty) 
Seat 2: jonathanp260 (21936 in chips, $1.50 bounty) 
Seat 3: Gabrielfs13 (2248 in chips, $1.50 bounty) 
Seat 4: kurt_vonegut (11518 in chips, $2.25 bounty) 
Seat 5: Tob1asAK (15467 in chips, $3.75 bounty) 
Seat 6: Venomtank (2930 in chips, $1.50 bounty) 
Seat 7: gkas71 (1265 in chips, $3.75 bounty) 
Seat 8: colinrr1 (5000 in chips, $1.50 bounty) 
gasolin93rus: posts the ante 27
jonathanp260: posts the ante 27
Gabrielfs13: posts the ante 27
kurt_vonegut: posts the ante 27
Tob1asAK: posts the ante 27
Venomtank: posts the ante 27
gkas71: posts the ante 27
colinrr1: posts the ante 27
Tob1asAK: posts small blind 90
Venomtank: posts big blind 180
*** HOLE CARDS ***
Dealt to Gabrielfs13 [6h 8h]
gkas71: raises 180 to 360
colinrr1: folds 
gasolin93rus: folds 
jonathanp260: raises 720 to 1080
Gabrielfs13: folds 
kurt_vonegut: folds 
Tob1asAK: folds 
Venomtank: calls 900
gkas71: calls 720
*** FLOP *** [5c Jc 7h]
Venomtank: checks 
gkas71: bets 158 and is all-in
jonathanp260: raises 2722 to 2880
Venomtank: folds 
Uncalled bet (2722) returned to jonathanp260
*** TURN *** [5c Jc 7h] [7d]
*** RIVER *** [5c Jc 7h 7d] [8d]
*** SHOW DOWN ***
gkas71: shows [Ah Ad] (two pair, Aces and Sevens)
jonathanp260: shows [Jd Tc] (two pair, Jacks and Sevens)
gkas71 collected 3862 from pot
*** SUMMARY ***
Total pot 3862 | Rake 0 
Board [5c Jc 7h 7d 8d]
Seat 1: gasolin93rus folded before Flop (didn't bet)
Seat 2: jonathanp260 showed [Jd Tc] and lost with two pair, Jacks and Sevens
Seat 3: Gabrielfs13 folded before Flop (didn't bet)
Seat 4: kurt_vonegut (button) folded before Flop (didn't bet)
Seat 5: Tob1asAK (small blind) folded before Flop
Seat 6: Venomtank (big blind) folded on the Flop
Seat 7: gkas71 showed [Ah Ad] and won (3862) with two pair, Aces and Sevens
Seat 8: colinrr1 folded before Flop (didn't bet)



PokerStars Hand #257342853733: Tournament #3918386795, $1.44+$1.50+$0.36 USD Hold'em No Limit - Level X (90/180) - 2025/08/14 16:50:38 BRT [2025/08/14 15:50:38 ET]
Table '3918386795 19' 8-max Seat #5 is the button
Seat 1: gasolin93rus (13108 in chips, $2.25 bounty) 
Seat 2: jonathanp260 (20671 in chips, $1.50 bounty) 
Seat 3: Gabrielfs13 (2221 in chips, $1.50 bounty) 
Seat 4: kurt_vonegut (11491 in chips, $2.25 bounty) 
Seat 5: Tob1asAK (15350 in chips, $3.75 bounty) 
Seat 6: Venomtank (1823 in chips, $1.50 bounty) 
Seat 7: gkas71 (3862 in chips, $3.75 bounty) 
Seat 8: colinrr1 (4973 in chips, $1.50 bounty) 
gasolin93rus: posts the ante 27
jonathanp260: posts the ante 27
Gabrielfs13: posts the ante 27
kurt_vonegut: posts the ante 27
Tob1asAK: posts the ante 27
Venomtank: posts the ante 27
gkas71: posts the ante 27
colinrr1: posts the ante 27
Venomtank: posts small blind 90
gkas71: posts big blind 180
*** HOLE CARDS ***
Dealt to Gabrielfs13 [6d 6h]
colinrr1: calls 180
gasolin93rus: raises 450 to 630
jonathanp260: folds 
Gabrielfs13: raises 1564 to 2194 and is all-in
kurt_vonegut: folds 
Tob1asAK: folds 
Venomtank: folds 
gkas71: folds 
colinrr1: folds 
gasolin93rus: calls 1564
*** FLOP *** [3s 2h As]
*** TURN *** [3s 2h As] [9s]
*** RIVER *** [3s 2h As 9s] [Ah]
*** SHOW DOWN ***
gasolin93rus: shows [Th 8h] (a pair of Aces)
Gabrielfs13: shows [6d 6h] (two pair, Aces and Sixes)
Gabrielfs13 collected 5054 from pot
*** SUMMARY ***
Total pot 5054 | Rake 0 
Board [3s 2h As 9s Ah]
Seat 1: gasolin93rus showed [Th 8h] and lost with a pair of Aces
Seat 2: jonathanp260 folded before Flop (didn't bet)
Seat 3: Gabrielfs13 showed [6d 6h] and won (5054) with two pair, Aces and Sixes
Seat 4: kurt_vonegut folded before Flop (didn't bet)
Seat 5: Tob1asAK (button) folded before Flop (didn't bet)
Seat 6: Venomtank (small blind) folded before Flop
Seat 7: gkas71 (big blind) folded before Flop
Seat 8: colinrr1 folded before Flop



PokerStars Hand #257342863444: Tournament #3918386795, $1.44+$1.50+$0.36 USD Hold'em No Limit - Level X (90/180) - 2025/08/14 16:51:21 BRT [2025/08/14 15:51:21 ET]
Table '3918386795 19' 8-max Seat #6 is the button
Seat 1: gasolin93rus (10887 in chips, $2.25 bounty) 
Seat 2: jonathanp260 (20644 in chips, $1.50 bounty) 
Seat 3: Gabrielfs13 (5054 in chips, $1.50 bounty) 
Seat 4: kurt_vonegut (11464 in chips, $2.25 bounty) 
Seat 5: Tob1asAK (15323 in chips, $3.75 bounty) 
Seat 6: Venomtank (1706 in chips, $1.50 bounty) 
Seat 7: gkas71 (3655 in chips, $3.75 bounty) 
Seat 8: colinrr1 (4766 in chips, $1.50 bounty) 
gasolin93rus: posts the ante 27
jonathanp260: posts the ante 27
Gabrielfs13: posts the ante 27
kurt_vonegut: posts the ante 27
Tob1asAK: posts the ante 27
Venomtank: posts the ante 27
gkas71: posts the ante 27
colinrr1: posts the ante 27
gkas71: posts small blind 90
colinrr1: posts big blind 180
*** HOLE CARDS ***
Dealt to Gabrielfs13 [6s 3s]
gasolin93rus: raises 360 to 540
jonathanp260: folds 
Gabrielfs13: folds 
kurt_vonegut: folds 
Tob1asAK: calls 540
Venomtank: folds 
gkas71: folds 
colinrr1: raises 360 to 900
gasolin93rus: raises 3960 to 4860
Tob1asAK: folds 
colinrr1: calls 3839 and is all-in
Uncalled bet (121) returned to gasolin93rus
*** FLOP *** [3d 2c 6c]
*** TURN *** [3d 2c 6c] [Jd]
*** RIVER *** [3d 2c 6c Jd] [Qh]
*** SHOW DOWN ***
colinrr1: shows [Kh Ac] (high card Ace)
gasolin93rus: shows [Kc Kd] (a pair of Kings)
gasolin93rus collected 10324 from pot
gasolin93rus wins $0.75 for eliminating colinrr1 and their own bounty increases by $0.75 to $3
colinrr1 finished the tournament
*** SUMMARY ***
Total pot 10324 | Rake 0 
Board [3d 2c 6c Jd Qh]
Seat 1: gasolin93rus showed [Kc Kd] and won (10324) with a pair of Kings
Seat 2: jonathanp260 folded before Flop (didn't bet)
Seat 3: Gabrielfs13 folded before Flop (didn't bet)
Seat 4: kurt_vonegut folded before Flop (didn't bet)
Seat 5: Tob1asAK folded before Flop
Seat 6: Venomtank (button) folded before Flop (didn't bet)
Seat 7: gkas71 (small blind) folded before Flop
Seat 8: colinrr1 (big blind) showed [Kh Ac] and lost with high card Ace



PokerStars Hand #257342876347: Tournament #3918386795, $1.44+$1.50+$0.36 USD Hold'em No Limit - Level X (90/180) - 2025/08/14 16:52:19 BRT [2025/08/14 15:52:19 ET]
Table '3918386795 19' 8-max Seat #7 is the button
Seat 1: gasolin93rus (16445 in chips, $3 bounty) 
Seat 2: jonathanp260 (20617 in chips, $1.50 bounty) 
Seat 3: Gabrielfs13 (5027 in chips, $1.50 bounty) 
Seat 4: kurt_vonegut (11437 in chips, $2.25 bounty) 
Seat 5: Tob1asAK (14756 in chips, $3.75 bounty) 
Seat 6: Venomtank (1679 in chips, $1.50 bounty) 
Seat 7: gkas71 (3538 in chips, $3.75 bounty) 
gasolin93rus: posts the ante 27
jonathanp260: posts the ante 27
Gabrielfs13: posts the ante 27
kurt_vonegut: posts the ante 27
Tob1asAK: posts the ante 27
Venomtank: posts the ante 27
gkas71: posts the ante 27
gasolin93rus: posts small blind 90
jonathanp260: posts big blind 180
*** HOLE CARDS ***
Dealt to Gabrielfs13 [2h 7d]
Gabrielfs13: folds 
kurt_vonegut: folds 
Tob1asAK: folds 
Venomtank: folds 
gkas71: folds 
gasolin93rus: calls 90
jonathanp260: checks 
*** FLOP *** [Ks As Td]
gasolin93rus: checks 
jonathanp260: checks 
*** TURN *** [Ks As Td] [Th]
gasolin93rus: bets 198
jonathanp260: folds 
Uncalled bet (198) returned to gasolin93rus
gasolin93rus collected 549 from pot
gasolin93rus: doesn't show hand 
*** SUMMARY ***
Total pot 549 | Rake 0 
Board [Ks As Td Th]
Seat 1: gasolin93rus (small blind) collected (549)
Seat 2: jonathanp260 (big blind) folded on the Turn
Seat 3: Gabrielfs13 folded before Flop (didn't bet)
Seat 4: kurt_vonegut folded before Flop (didn't bet)
Seat 5: Tob1asAK folded before Flop (didn't bet)
Seat 6: Venomtank folded before Flop (didn't bet)
Seat 7: gkas71 (button) folded before Flop (didn't bet)



PokerStars Hand #257342888437: Tournament #3918386795, $1.44+$1.50+$0.36 USD Hold'em No Limit - Level X (90/180) - 2025/08/14 16:53:15 BRT [2025/08/14 15:53:15 ET]
Table '3918386795 19' 8-max Seat #1 is the button
Seat 1: gasolin93rus (16787 in chips, $3 bounty) 
Seat 2: jonathanp260 (20410 in chips, $1.50 bounty) 
Seat 3: Gabrielfs13 (5000 in chips, $1.50 bounty) 
Seat 4: kurt_vonegut (11410 in chips, $2.25 bounty) 
Seat 5: Tob1asAK (14729 in chips, $3.75 bounty) 
Seat 6: Venomtank (1652 in chips, $1.50 bounty) 
Seat 7: gkas71 (3511 in chips, $3.75 bounty) 
Seat 8: paraloko309 (13971 in chips, $2.25 bounty) 
gasolin93rus: posts the ante 27
jonathanp260: posts the ante 27
Gabrielfs13: posts the ante 27
kurt_vonegut: posts the ante 27
Tob1asAK: posts the ante 27
Venomtank: posts the ante 27
gkas71: posts the ante 27
paraloko309: posts the ante 27
jonathanp260: posts small blind 90
Gabrielfs13: posts big blind 180
*** HOLE CARDS ***
Dealt to Gabrielfs13 [2c Qc]
kurt_vonegut: raises 180 to 360
Tob1asAK: folds 
Venomtank: folds 
gkas71: folds 
paraloko309: folds 
gasolin93rus: folds 
jonathanp260: folds 
Gabrielfs13: calls 180
*** FLOP *** [As 4h Js]
Gabrielfs13: checks 
kurt_vonegut: bets 513
Gabrielfs13: folds 
Uncalled bet (513) returned to kurt_vonegut
kurt_vonegut collected 1026 from pot
kurt_vonegut: doesn't show hand 
*** SUMMARY ***
Total pot 1026 | Rake 0 
Board [As 4h Js]
Seat 1: gasolin93rus (button) folded before Flop (didn't bet)
Seat 2: jonathanp260 (small blind) folded before Flop
Seat 3: Gabrielfs13 (big blind) folded on the Flop
Seat 4: kurt_vonegut collected (1026)
Seat 5: Tob1asAK folded before Flop (didn't bet)
Seat 6: Venomtank folded before Flop (didn't bet)
Seat 7: gkas71 folded before Flop (didn't bet)
Seat 8: paraloko309 folded before Flop (didn't bet)



PokerStars Hand #257342902878: Tournament #3918386795, $1.44+$1.50+$0.36 USD Hold'em No Limit - Level X (90/180) - 2025/08/14 16:54:21 BRT [2025/08/14 15:54:21 ET]
Table '3918386795 19' 8-max Seat #2 is the button
Seat 1: gasolin93rus (16760 in chips, $3 bounty) 
Seat 2: jonathanp260 (20293 in chips, $1.50 bounty) 
Seat 3: Gabrielfs13 (4613 in chips, $1.50 bounty) 
Seat 4: kurt_vonegut (12049 in chips, $2.25 bounty) 
Seat 5: Tob1asAK (14702 in chips, $3.75 bounty) 
Seat 6: Venomtank (1625 in chips, $1.50 bounty) 
Seat 7: gkas71 (3484 in chips, $3.75 bounty) 
Seat 8: paraloko309 (13944 in chips, $2.25 bounty) 
gasolin93rus: posts the ante 27
jonathanp260: posts the ante 27
Gabrielfs13: posts the ante 27
kurt_vonegut: posts the ante 27
Tob1asAK: posts the ante 27
Venomtank: posts the ante 27
gkas71: posts the ante 27
paraloko309: posts the ante 27
Gabrielfs13: posts small blind 90
kurt_vonegut: posts big blind 180
*** HOLE CARDS ***
Dealt to Gabrielfs13 [9h Ac]
Tob1asAK: raises 216 to 396
Venomtank: folds 
gkas71: folds 
paraloko309: folds 
gasolin93rus: folds 
jonathanp260: folds 
Gabrielfs13: folds 
kurt_vonegut: folds 
Uncalled bet (216) returned to Tob1asAK
Tob1asAK collected 666 from pot
Tob1asAK: doesn't show hand 
*** SUMMARY ***
Total pot 666 | Rake 0 
Seat 1: gasolin93rus folded before Flop (didn't bet)
Seat 2: jonathanp260 (button) folded before Flop (didn't bet)
Seat 3: Gabrielfs13 (small blind) folded before Flop
Seat 4: kurt_vonegut (big blind) folded before Flop
Seat 5: Tob1asAK collected (666)
Seat 6: Venomtank folded before Flop (didn't bet)
Seat 7: gkas71 folded before Flop (didn't bet)
Seat 8: paraloko309 folded before Flop (didn't bet)



PokerStars Hand #257342909586: Tournament #3918386795, $1.44+$1.50+$0.36 USD Hold'em No Limit - Level X (90/180) - 2025/08/14 16:54:51 BRT [2025/08/14 15:54:51 ET]
Table '3918386795 19' 8-max Seat #3 is the button
Seat 1: gasolin93rus (16733 in chips, $3 bounty) 
Seat 2: jonathanp260 (20266 in chips, $1.50 bounty) 
Seat 3: Gabrielfs13 (4496 in chips, $1.50 bounty) 
Seat 4: kurt_vonegut (11842 in chips, $2.25 bounty) 
Seat 5: Tob1asAK (15161 in chips, $3.75 bounty) 
Seat 6: Venomtank (1598 in chips, $1.50 bounty) 
Seat 7: gkas71 (3457 in chips, $3.75 bounty) 
Seat 8: paraloko309 (13917 in chips, $2.25 bounty) 
gasolin93rus: posts the ante 27
jonathanp260: posts the ante 27
Gabrielfs13: posts the ante 27
kurt_vonegut: posts the ante 27
Tob1asAK: posts the ante 27
Venomtank: posts the ante 27
gkas71: posts the ante 27
paraloko309: posts the ante 27
kurt_vonegut: posts small blind 90
Tob1asAK: posts big blind 180
*** HOLE CARDS ***
Dealt to Gabrielfs13 [Jc 9d]
Venomtank: calls 180
gkas71: folds 
paraloko309: folds 
gasolin93rus: folds 
jonathanp260: folds 
Gabrielfs13: folds 
kurt_vonegut: calls 90
Tob1asAK: checks 
*** FLOP *** [9h 7h 6s]
kurt_vonegut: checks 
Tob1asAK: checks 
Venomtank: checks 
*** TURN *** [9h 7h 6s] [Th]
kurt_vonegut: bets 540
Tob1asAK: folds 
Venomtank: folds 
Uncalled bet (540) returned to kurt_vonegut
kurt_vonegut collected 756 from pot
kurt_vonegut: doesn't show hand 
*** SUMMARY ***
Total pot 756 | Rake 0 
Board [9h 7h 6s Th]
Seat 1: gasolin93rus folded before Flop (didn't bet)
Seat 2: jonathanp260 folded before Flop (didn't bet)
Seat 3: Gabrielfs13 (button) folded before Flop (didn't bet)
Seat 4: kurt_vonegut (small blind) collected (756)
Seat 5: Tob1asAK (big blind) folded on the Turn
Seat 6: Venomtank folded on the Turn
Seat 7: gkas71 folded before Flop (didn't bet)
Seat 8: paraloko309 folded before Flop (didn't bet)



PokerStars Hand #257342990283: Tournament #3918386795, $1.44+$1.50+$0.36 USD Hold'em No Limit - Level X (90/180) - 2025/08/14 17:02:49 BRT [2025/08/14 16:02:49 ET]
Table '3918386795 19' 8-max Seat #4 is the button
Seat 1: gasolin93rus (16706 in chips, $3 bounty) 
Seat 2: jonathanp260 (20239 in chips, $1.50 bounty) 
Seat 3: Gabrielfs13 (4469 in chips, $1.50 bounty) 
Seat 4: kurt_vonegut (12391 in chips, $2.25 bounty) 
Seat 5: Tob1asAK (14954 in chips, $3.75 bounty) 
Seat 6: Venomtank (1391 in chips, $1.50 bounty) 
Seat 7: gkas71 (3430 in chips, $3.75 bounty) 
Seat 8: paraloko309 (13890 in chips, $2.25 bounty) 
gasolin93rus: posts the ante 27
jonathanp260: posts the ante 27
Gabrielfs13: posts the ante 27
kurt_vonegut: posts the ante 27
Tob1asAK: posts the ante 27
Venomtank: posts the ante 27
gkas71: posts the ante 27
paraloko309: posts the ante 27
Tob1asAK: posts small blind 90
Venomtank: posts big blind 180
*** HOLE CARDS ***
Dealt to Gabrielfs13 [2h Jd]
gkas71: folds 
paraloko309 is connected 
paraloko309 is disconnected 
paraloko309 is connected 
paraloko309: folds 
gasolin93rus: raises 180 to 360
jonathanp260: folds 
Gabrielfs13: folds 
kurt_vonegut: folds 
Tob1asAK: folds 
Venomtank: calls 180
*** FLOP *** [8d 9s 3d]
Venomtank: checks 
gasolin93rus: bets 267
Venomtank: raises 737 to 1004 and is all-in
gasolin93rus: calls 737
*** TURN *** [8d 9s 3d] [9c]
*** RIVER *** [8d 9s 3d 9c] [5d]
*** SHOW DOWN ***
Venomtank: shows [9d Ks] (three of a kind, Nines)
gasolin93rus: shows [7c 7h] (two pair, Nines and Sevens)
Venomtank collected 3034 from pot
*** SUMMARY ***
Total pot 3034 | Rake 0 
Board [8d 9s 3d 9c 5d]
Seat 1: gasolin93rus showed [7c 7h] and lost with two pair, Nines and Sevens
Seat 2: jonathanp260 folded before Flop (didn't bet)
Seat 3: Gabrielfs13 folded before Flop (didn't bet)
Seat 4: kurt_vonegut (button) folded before Flop (didn't bet)
Seat 5: Tob1asAK (small blind) folded before Flop
Seat 6: Venomtank (big blind) showed [9d Ks] and won (3034) with three of a kind, Nines
Seat 7: gkas71 folded before Flop (didn't bet)
Seat 8: paraloko309 folded before Flop (didn't bet)



PokerStars Hand #257343003314: Tournament #3918386795, $1.44+$1.50+$0.36 USD Hold'em No Limit - Level X (90/180) - 2025/08/14 17:03:48 BRT [2025/08/14 16:03:48 ET]
Table '3918386795 19' 8-max Seat #5 is the button
Seat 1: gasolin93rus (15315 in chips, $3 bounty) 
Seat 2: jonathanp260 (20212 in chips, $1.50 bounty) 
Seat 3: Gabrielfs13 (4442 in chips, $1.50 bounty) 
Seat 4: kurt_vonegut (12364 in chips, $2.25 bounty) 
Seat 5: Tob1asAK (14837 in chips, $3.75 bounty) 
Seat 6: Venomtank (3034 in chips, $1.50 bounty) 
Seat 7: gkas71 (3403 in chips, $3.75 bounty) 
Seat 8: paraloko309 (13863 in chips, $2.25 bounty) 
gasolin93rus: posts the ante 27
jonathanp260: posts the ante 27
Gabrielfs13: posts the ante 27
kurt_vonegut: posts the ante 27
Tob1asAK: posts the ante 27
Venomtank: posts the ante 27
gkas71: posts the ante 27
paraloko309: posts the ante 27
Venomtank: posts small blind 90
gkas71: posts big blind 180
*** HOLE CARDS ***
Dealt to Gabrielfs13 [Tc Td]
paraloko309: folds 
gasolin93rus: folds 
jonathanp260: folds 
Gabrielfs13: raises 180 to 360
kurt_vonegut: folds 
Tob1asAK: folds 
Venomtank: calls 270
gkas71: raises 1296 to 1656
Gabrielfs13: raises 2759 to 4415 and is all-in
Venomtank: folds 
gkas71: calls 1720 and is all-in
Uncalled bet (1039) returned to Gabrielfs13
*** FLOP *** [Kd 8s Ah]
*** TURN *** [Kd 8s Ah] [4h]
*** RIVER *** [Kd 8s Ah 4h] [Kc]
*** SHOW DOWN ***
gkas71: shows [Jd Jh] (two pair, Kings and Jacks)
Gabrielfs13: shows [Tc Td] (two pair, Kings and Tens)
gkas71 collected 7328 from pot
*** SUMMARY ***
Total pot 7328 | Rake 0 
Board [Kd 8s Ah 4h Kc]
Seat 1: gasolin93rus folded before Flop (didn't bet)
Seat 2: jonathanp260 folded before Flop (didn't bet)
Seat 3: Gabrielfs13 showed [Tc Td] and lost with two pair, Kings and Tens
Seat 4: kurt_vonegut folded before Flop (didn't bet)
Seat 5: Tob1asAK (button) folded before Flop (didn't bet)
Seat 6: Venomtank (small blind) folded before Flop
Seat 7: gkas71 (big blind) showed [Jd Jh] and won (7328) with two pair, Kings and Jacks
Seat 8: paraloko309 folded before Flop (didn't bet)



PokerStars Hand #257343012670: Tournament #3918386795, $1.44+$1.50+$0.36 USD Hold'em No Limit - Level X (90/180) - 2025/08/14 17:04:29 BRT [2025/08/14 16:04:29 ET]
Table '3918386795 19' 8-max Seat #6 is the button
Seat 1: gasolin93rus (15288 in chips, $3 bounty) 
Seat 2: jonathanp260 (20185 in chips, $1.50 bounty) 
Seat 3: Gabrielfs13 (1039 in chips, $1.50 bounty) 
Seat 4: kurt_vonegut (12337 in chips, $2.25 bounty) 
Seat 5: Tob1asAK (14810 in chips, $3.75 bounty) 
Seat 6: Venomtank (2647 in chips, $1.50 bounty) 
Seat 7: gkas71 (7328 in chips, $3.75 bounty) 
Seat 8: paraloko309 (13836 in chips, $2.25 bounty) 
gasolin93rus: posts the ante 27
jonathanp260: posts the ante 27
Gabrielfs13: posts the ante 27
kurt_vonegut: posts the ante 27
Tob1asAK: posts the ante 27
Venomtank: posts the ante 27
gkas71: posts the ante 27
paraloko309: posts the ante 27
gkas71: posts small blind 90
paraloko309: posts big blind 180
*** HOLE CARDS ***
Dealt to Gabrielfs13 [3c 3s]
gasolin93rus: folds 
jonathanp260: folds 
Gabrielfs13: raises 832 to 1012 and is all-in
kurt_vonegut: folds 
Tob1asAK: folds 
Venomtank: raises 1608 to 2620 and is all-in
gkas71: raises 4681 to 7301 and is all-in
paraloko309: folds [4s]
Uncalled bet (4681) returned to gkas71
*** FLOP *** [8h Ac 5s]
*** TURN *** [8h Ac 5s] [6c]
*** RIVER *** [8h Ac 5s 6c] [5h]
*** SHOW DOWN ***
gkas71: shows [Qh Ks] (a pair of Fives)
Venomtank: shows [7s As] (two pair, Aces and Fives)
Venomtank collected 3216 from side pot
Gabrielfs13: shows [3c 3s] (two pair, Fives and Threes)
Venomtank collected 3432 from main pot
Venomtank wins $0.75 for eliminating Gabrielfs13 and their own bounty increases by $0.75 to $2.25
Gabrielfs13 finished the tournament
*** SUMMARY ***
Total pot 6648 Main pot 3432. Side pot 3216. | Rake 0 
Board [8h Ac 5s 6c 5h]
Seat 1: gasolin93rus folded before Flop (didn't bet)
Seat 2: jonathanp260 folded before Flop (didn't bet)
Seat 3: Gabrielfs13 showed [3c 3s] and lost with two pair, Fives and Threes
Seat 4: kurt_vonegut folded before Flop (didn't bet)
Seat 5: Tob1asAK folded before Flop (didn't bet)
Seat 6: Venomtank (button) showed [7s As] and won (6648) with two pair, Aces and Fives
Seat 7: gkas71 (small blind) showed [Qh Ks] and lost with a pair of Fives
Seat 8: paraloko309 (big blind) folded before Flop



PokerStars Hand #257343053501: Tournament #3918386795, $1.44+$1.50+$0.36 USD Hold'em No Limit - Level XI (100/200) - 2025/08/14 17:07:32 BRT [2025/08/14 16:07:32 ET]
Table '3918386795 110' 8-max Seat #7 is the button
Seat 1: PIGS2008 (5511 in chips, $1.50 bounty) 
Seat 2: esbjerdr (23634 in chips, $4.12 bounty) 
Seat 3: goldtipster (12083 in chips, $2.25 bounty) 
Seat 4: Echdina (21225 in chips, $5.25 bounty) 
Seat 5: Ramellzee (1284 in chips, $1.50 bounty) 
Seat 6: Gabrielfs13 (5000 in chips, $1.50 bounty) 
Seat 7: Eva30Eva (11026 in chips, $1.50 bounty) 
Seat 8: bbh1990 (4059 in chips, $1.50 bounty) 
PIGS2008: posts the ante 30
esbjerdr: posts the ante 30
goldtipster: posts the ante 30
Echdina: posts the ante 30
Ramellzee: posts the ante 30
Gabrielfs13: posts the ante 30
Eva30Eva: posts the ante 30
bbh1990: posts the ante 30
bbh1990: posts small blind 100
PIGS2008: posts big blind 200
*** HOLE CARDS ***
Dealt to Gabrielfs13 [7c 2h]
esbjerdr: folds 
goldtipster: folds 
Echdina: folds 
Ramellzee: folds 
Gabrielfs13: folds 
Eva30Eva: raises 200 to 400
bbh1990: folds 
PIGS2008: folds 
Uncalled bet (200) returned to Eva30Eva
Eva30Eva collected 740 from pot
Eva30Eva: doesn't show hand 
*** SUMMARY ***
Total pot 740 | Rake 0 
Seat 1: PIGS2008 (big blind) folded before Flop
Seat 2: esbjerdr folded before Flop (didn't bet)
Seat 3: goldtipster folded before Flop (didn't bet)
Seat 4: Echdina folded before Flop (didn't bet)
Seat 5: Ramellzee folded before Flop (didn't bet)
Seat 6: Gabrielfs13 folded before Flop (didn't bet)
Seat 7: Eva30Eva (button) collected (740)
Seat 8: bbh1990 (small blind) folded before Flop



PokerStars Hand #257343057181: Tournament #3918386795, $1.44+$1.50+$0.36 USD Hold'em No Limit - Level XI (100/200) - 2025/08/14 17:07:48 BRT [2025/08/14 16:07:48 ET]
Table '3918386795 110' 8-max Seat #8 is the button
Seat 1: PIGS2008 (5281 in chips, $1.50 bounty) 
Seat 2: esbjerdr (23604 in chips, $4.12 bounty) 
Seat 3: goldtipster (12053 in chips, $2.25 bounty) 
Seat 4: Echdina (21195 in chips, $5.25 bounty) 
Seat 5: Ramellzee (1254 in chips, $1.50 bounty) 
Seat 6: Gabrielfs13 (4970 in chips, $1.50 bounty) 
Seat 7: Eva30Eva (11536 in chips, $1.50 bounty) 
Seat 8: bbh1990 (3929 in chips, $1.50 bounty) 
PIGS2008: posts the ante 30
esbjerdr: posts the ante 30
goldtipster: posts the ante 30
Echdina: posts the ante 30
Ramellzee: posts the ante 30
Gabrielfs13: posts the ante 30
Eva30Eva: posts the ante 30
bbh1990: posts the ante 30
PIGS2008: posts small blind 100
esbjerdr: posts big blind 200
*** HOLE CARDS ***
Dealt to Gabrielfs13 [5h 6d]
goldtipster: folds 
Echdina: folds 
Ramellzee: calls 200
Gabrielfs13: folds 
Eva30Eva: folds 
bbh1990: calls 200
PIGS2008: folds 
esbjerdr: checks 
*** FLOP *** [9d Ac 9c]
esbjerdr: checks 
Ramellzee: checks 
bbh1990: checks 
*** TURN *** [9d Ac 9c] [6s]
esbjerdr: checks 
Ramellzee: checks 
bbh1990: checks 
*** RIVER *** [9d Ac 9c 6s] [Kd]
esbjerdr: checks 
Ramellzee: checks 
bbh1990: checks 
*** SHOW DOWN ***
esbjerdr: shows [7c Jd] (a pair of Nines)
Ramellzee: shows [Qc Tc] (a pair of Nines - Ace+King+Queen kicker)
bbh1990: mucks hand 
Ramellzee collected 940 from pot
*** SUMMARY ***
Total pot 940 | Rake 0 
Board [9d Ac 9c 6s Kd]
Seat 1: PIGS2008 (small blind) folded before Flop
Seat 2: esbjerdr (big blind) showed [7c Jd] and lost with a pair of Nines
Seat 3: goldtipster folded before Flop (didn't bet)
Seat 4: Echdina folded before Flop (didn't bet)
Seat 5: Ramellzee showed [Qc Tc] and won (940) with a pair of Nines
Seat 6: Gabrielfs13 folded before Flop (didn't bet)
Seat 7: Eva30Eva folded before Flop (didn't bet)
Seat 8: bbh1990 (button) mucked [3c 7h]



PokerStars Hand #257343076394: Tournament #3918386795, $1.44+$1.50+$0.36 USD Hold'em No Limit - Level XI (100/200) - 2025/08/14 17:09:13 BRT [2025/08/14 16:09:13 ET]
Table '3918386795 110' 8-max Seat #1 is the button
Seat 1: PIGS2008 (5151 in chips, $1.50 bounty) 
Seat 2: esbjerdr (23374 in chips, $4.12 bounty) 
Seat 3: goldtipster (12023 in chips, $2.25 bounty) 
Seat 4: Echdina (21165 in chips, $5.25 bounty) 
Seat 5: Ramellzee (1964 in chips, $1.50 bounty) 
Seat 6: Gabrielfs13 (4940 in chips, $1.50 bounty) 
Seat 7: Eva30Eva (11506 in chips, $1.50 bounty) 
Seat 8: bbh1990 (3699 in chips, $1.50 bounty) 
PIGS2008: posts the ante 30
esbjerdr: posts the ante 30
goldtipster: posts the ante 30
Echdina: posts the ante 30
Ramellzee: posts the ante 30
Gabrielfs13: posts the ante 30
Eva30Eva: posts the ante 30
bbh1990: posts the ante 30
esbjerdr: posts small blind 100
goldtipster: posts big blind 200
*** HOLE CARDS ***
Dealt to Gabrielfs13 [8s 2s]
Echdina: folds 
Ramellzee: folds 
Gabrielfs13: folds 
bbh1990 is disconnected 
Eva30Eva: folds 
bbh1990 has timed out while disconnected
bbh1990: folds 
bbh1990 is sitting out
PIGS2008: raises 200 to 400
esbjerdr: folds 
goldtipster: folds 
Uncalled bet (200) returned to PIGS2008
PIGS2008 collected 740 from pot
PIGS2008: doesn't show hand 
bbh1990 is disconnected 
*** SUMMARY ***
Total pot 740 | Rake 0 
Seat 1: PIGS2008 (button) collected (740)
Seat 2: esbjerdr (small blind) folded before Flop
Seat 3: goldtipster (big blind) folded before Flop
Seat 4: Echdina folded before Flop (didn't bet)
Seat 5: Ramellzee folded before Flop (didn't bet)
Seat 6: Gabrielfs13 folded before Flop (didn't bet)
Seat 7: Eva30Eva folded before Flop (didn't bet)
Seat 8: bbh1990 folded before Flop (didn't bet)



PokerStars Hand #257343086972: Tournament #3918386795, $1.44+$1.50+$0.36 USD Hold'em No Limit - Level XI (100/200) - 2025/08/14 17:10:00 BRT [2025/08/14 16:10:00 ET]
Table '3918386795 110' 8-max Seat #2 is the button
Seat 1: PIGS2008 (5661 in chips, $1.50 bounty) 
Seat 2: esbjerdr (23244 in chips, $4.12 bounty) 
Seat 3: goldtipster (11793 in chips, $2.25 bounty) 
Seat 4: Echdina (21135 in chips, $5.25 bounty) 
Seat 5: Ramellzee (1934 in chips, $1.50 bounty) 
Seat 6: Gabrielfs13 (4910 in chips, $1.50 bounty) 
Seat 7: Eva30Eva (11476 in chips, $1.50 bounty) 
Seat 8: bbh1990 (3669 in chips, $1.50 bounty) is sitting out
PIGS2008: posts the ante 30
esbjerdr: posts the ante 30
goldtipster: posts the ante 30
Echdina: posts the ante 30
Ramellzee: posts the ante 30
Gabrielfs13: posts the ante 30
Eva30Eva: posts the ante 30
bbh1990: posts the ante 30
goldtipster: posts small blind 100
Echdina: posts big blind 200
*** HOLE CARDS ***
Dealt to Gabrielfs13 [As 3c]
bbh1990 has returned
Ramellzee: folds 
Gabrielfs13: folds 
Eva30Eva: folds 
bbh1990: calls 200
PIGS2008: raises 600 to 800
esbjerdr: folds 
goldtipster: folds 
Echdina: folds 
bbh1990: calls 600
*** FLOP *** [9d 2c 2h]
bbh1990: checks 
PIGS2008: bets 1070
bbh1990: folds 
Uncalled bet (1070) returned to PIGS2008
PIGS2008 collected 2140 from pot
PIGS2008: doesn't show hand 
*** SUMMARY ***
Total pot 2140 | Rake 0 
Board [9d 2c 2h]
Seat 1: PIGS2008 collected (2140)
Seat 2: esbjerdr (button) folded before Flop (didn't bet)
Seat 3: goldtipster (small blind) folded before Flop
Seat 4: Echdina (big blind) folded before Flop
Seat 5: Ramellzee folded before Flop (didn't bet)
Seat 6: Gabrielfs13 folded before Flop (didn't bet)
Seat 7: Eva30Eva folded before Flop (didn't bet)
Seat 8: bbh1990 folded on the Flop



PokerStars Hand #257343096135: Tournament #3918386795, $1.44+$1.50+$0.36 USD Hold'em No Limit - Level XI (100/200) - 2025/08/14 17:10:42 BRT [2025/08/14 16:10:42 ET]
Table '3918386795 110' 8-max Seat #3 is the button
Seat 1: PIGS2008 (6971 in chips, $1.50 bounty) 
Seat 2: esbjerdr (23214 in chips, $4.12 bounty) 
Seat 3: goldtipster (11663 in chips, $2.25 bounty) 
Seat 4: Echdina (20905 in chips, $5.25 bounty) 
Seat 5: Ramellzee (1904 in chips, $1.50 bounty) 
Seat 6: Gabrielfs13 (4880 in chips, $1.50 bounty) 
Seat 7: Eva30Eva (11446 in chips, $1.50 bounty) 
Seat 8: bbh1990 (2839 in chips, $1.50 bounty) 
PIGS2008: posts the ante 30
esbjerdr: posts the ante 30
goldtipster: posts the ante 30
Echdina: posts the ante 30
Ramellzee: posts the ante 30
Gabrielfs13: posts the ante 30
Eva30Eva: posts the ante 30
bbh1990: posts the ante 30
Echdina: posts small blind 100
Ramellzee: posts big blind 200
*** HOLE CARDS ***
Dealt to Gabrielfs13 [As Kd]
Gabrielfs13: raises 200 to 400
Eva30Eva: folds 
bbh1990: folds 
PIGS2008: folds 
esbjerdr: folds 
goldtipster: folds 
Echdina: folds 
Ramellzee: folds 
Uncalled bet (200) returned to Gabrielfs13
Gabrielfs13 collected 740 from pot
Gabrielfs13: doesn't show hand 
*** SUMMARY ***
Total pot 740 | Rake 0 
Seat 1: PIGS2008 folded before Flop (didn't bet)
Seat 2: esbjerdr folded before Flop (didn't bet)
Seat 3: goldtipster (button) folded before Flop (didn't bet)
Seat 4: Echdina (small blind) folded before Flop
Seat 5: Ramellzee (big blind) folded before Flop
Seat 6: Gabrielfs13 collected (740)
Seat 7: Eva30Eva folded before Flop (didn't bet)
Seat 8: bbh1990 folded before Flop (didn't bet)



PokerStars Hand #257343101599: Tournament #3918386795, $1.44+$1.50+$0.36 USD Hold'em No Limit - Level XI (100/200) - 2025/08/14 17:11:06 BRT [2025/08/14 16:11:06 ET]
Table '3918386795 110' 8-max Seat #4 is the button
Seat 1: PIGS2008 (6941 in chips, $1.50 bounty) 
Seat 2: esbjerdr (23184 in chips, $4.12 bounty) 
Seat 3: goldtipster (11633 in chips, $2.25 bounty) 
Seat 4: Echdina (20775 in chips, $5.25 bounty) 
Seat 5: Ramellzee (1674 in chips, $1.50 bounty) 
Seat 6: Gabrielfs13 (5390 in chips, $1.50 bounty) 
Seat 7: Eva30Eva (11416 in chips, $1.50 bounty) 
Seat 8: bbh1990 (2809 in chips, $1.50 bounty) 
PIGS2008: posts the ante 30
esbjerdr: posts the ante 30
goldtipster: posts the ante 30
Echdina: posts the ante 30
Ramellzee: posts the ante 30
Gabrielfs13: posts the ante 30
Eva30Eva: posts the ante 30
bbh1990: posts the ante 30
Ramellzee: posts small blind 100
Gabrielfs13: posts big blind 200
*** HOLE CARDS ***
Dealt to Gabrielfs13 [9c 8s]
Eva30Eva: folds 
bbh1990: calls 200
PIGS2008: folds 
esbjerdr: folds 
goldtipster: folds 
Echdina: folds 
Ramellzee: calls 100
Gabrielfs13: checks 
*** FLOP *** [2s Js 7h]
Ramellzee: checks 
Gabrielfs13: checks 
bbh1990: checks 
*** TURN *** [2s Js 7h] [Ac]
Ramellzee: checks 
Gabrielfs13: checks 
bbh1990: checks 
*** RIVER *** [2s Js 7h Ac] [6c]
Ramellzee: checks 
Gabrielfs13: checks 
bbh1990: bets 200
Ramellzee: folds 
Gabrielfs13: folds 
Uncalled bet (200) returned to bbh1990
bbh1990 collected 840 from pot
*** SUMMARY ***
Total pot 840 | Rake 0 
Board [2s Js 7h Ac 6c]
Seat 1: PIGS2008 folded before Flop (didn't bet)
Seat 2: esbjerdr folded before Flop (didn't bet)
Seat 3: goldtipster folded before Flop (didn't bet)
Seat 4: Echdina (button) folded before Flop (didn't bet)
Seat 5: Ramellzee (small blind) folded on the River
Seat 6: Gabrielfs13 (big blind) folded on the River
Seat 7: Eva30Eva folded before Flop (didn't bet)
Seat 8: bbh1990 collected (840)



PokerStars Hand #257343120387: Tournament #3918386795, $1.44+$1.50+$0.36 USD Hold'em No Limit - Level XI (100/200) - 2025/08/14 17:12:30 BRT [2025/08/14 16:12:30 ET]
Table '3918386795 110' 8-max Seat #5 is the button
Seat 1: PIGS2008 (6911 in chips, $1.50 bounty) 
Seat 2: esbjerdr (23154 in chips, $4.12 bounty) 
Seat 3: goldtipster (11603 in chips, $2.25 bounty) 
Seat 4: Echdina (20745 in chips, $5.25 bounty) 
Seat 5: Ramellzee (1444 in chips, $1.50 bounty) 
Seat 6: Gabrielfs13 (5160 in chips, $1.50 bounty) 
Seat 7: Eva30Eva (11386 in chips, $1.50 bounty) 
Seat 8: bbh1990 (3419 in chips, $1.50 bounty) 
PIGS2008: posts the ante 30
esbjerdr: posts the ante 30
goldtipster: posts the ante 30
Echdina: posts the ante 30
Ramellzee: posts the ante 30
Gabrielfs13: posts the ante 30
Eva30Eva: posts the ante 30
bbh1990: posts the ante 30
Gabrielfs13: posts small blind 100
Eva30Eva: posts big blind 200
*** HOLE CARDS ***
Dealt to Gabrielfs13 [4h 5h]
bbh1990: calls 200
PIGS2008: folds 
esbjerdr: calls 200
goldtipster: folds 
Echdina: folds 
Ramellzee: calls 200
Gabrielfs13: calls 100
Eva30Eva: checks 
*** FLOP *** [Js Qs 2c]
Gabrielfs13: checks 
Eva30Eva: checks 
bbh1990: checks 
esbjerdr: bets 620
Ramellzee: folds 
Gabrielfs13: folds 
Eva30Eva: folds 
bbh1990: calls 620
*** TURN *** [Js Qs 2c] [6d]
bbh1990: checks 
esbjerdr: bets 1600
bbh1990: calls 1600
*** RIVER *** [Js Qs 2c 6d] [5c]
bbh1990: checks 
esbjerdr: checks 
*** SHOW DOWN ***
bbh1990: shows [9d Jd] (a pair of Jacks)
esbjerdr: shows [8d Qd] (a pair of Queens)
esbjerdr collected 5680 from pot
*** SUMMARY ***
Total pot 5680 | Rake 0 
Board [Js Qs 2c 6d 5c]
Seat 1: PIGS2008 folded before Flop (didn't bet)
Seat 2: esbjerdr showed [8d Qd] and won (5680) with a pair of Queens
Seat 3: goldtipster folded before Flop (didn't bet)
Seat 4: Echdina folded before Flop (didn't bet)
Seat 5: Ramellzee (button) folded on the Flop
Seat 6: Gabrielfs13 (small blind) folded on the Flop
Seat 7: Eva30Eva (big blind) folded on the Flop
Seat 8: bbh1990 showed [9d Jd] and lost with a pair of Jacks



PokerStars Hand #257343140961: Tournament #3918386795, $1.44+$1.50+$0.36 USD Hold'em No Limit - Level XII (125/250) - 2025/08/14 17:14:03 BRT [2025/08/14 16:14:03 ET]
Table '3918386795 110' 8-max Seat #6 is the button
Seat 1: PIGS2008 (6881 in chips, $1.50 bounty) 
Seat 2: esbjerdr (26384 in chips, $4.12 bounty) 
Seat 3: goldtipster (11573 in chips, $2.25 bounty) 
Seat 4: Echdina (20715 in chips, $5.25 bounty) 
Seat 5: Ramellzee (1214 in chips, $1.50 bounty) 
Seat 6: Gabrielfs13 (4930 in chips, $1.50 bounty) 
Seat 7: Eva30Eva (11156 in chips, $1.50 bounty) 
Seat 8: bbh1990 (969 in chips, $1.50 bounty) 
PIGS2008: posts the ante 36
esbjerdr: posts the ante 36
goldtipster: posts the ante 36
Echdina: posts the ante 36
Ramellzee: posts the ante 36
Gabrielfs13: posts the ante 36
Eva30Eva: posts the ante 36
bbh1990: posts the ante 36
Eva30Eva: posts small blind 125
bbh1990: posts big blind 250
*** HOLE CARDS ***
Dealt to Gabrielfs13 [8c 6h]
PIGS2008: folds 
esbjerdr: raises 250 to 500
goldtipster: folds 
Echdina: folds 
Ramellzee: calls 500
Gabrielfs13: folds 
Eva30Eva: folds 
bbh1990: raises 250 to 750
esbjerdr: raises 250 to 1000
Ramellzee: calls 500
bbh1990: calls 183 and is all-in
*** FLOP *** [Kh As 6s]
esbjerdr: bets 250
Ramellzee: calls 178 and is all-in
Uncalled bet (72) returned to esbjerdr
*** TURN *** [Kh As 6s] [Ac]
*** RIVER *** [Kh As 6s Ac] [Ad]
*** SHOW DOWN ***
esbjerdr: shows [Jh Ah] (four of a kind, Aces)
Ramellzee: shows [5c 5s] (a full house, Aces full of Fives)
esbjerdr collected 490 from side pot
bbh1990: shows [3d 3c] (a full house, Aces full of Threes)
esbjerdr collected 3212 from main pot
esbjerdr wins $0.75 for eliminating Ramellzee and their own bounty increases by $0.75 to $4.87
esbjerdr wins $0.75 for eliminating bbh1990 and their own bounty increases by $0.75 to $5.62
Ramellzee finished the tournament
bbh1990 finished the tournament
Maina4444 is disconnected 
*** SUMMARY ***
Total pot 3702 Main pot 3212. Side pot 490. | Rake 0 
Board [Kh As 6s Ac Ad]
Seat 1: PIGS2008 folded before Flop (didn't bet)
Seat 2: esbjerdr showed [Jh Ah] and won (3702) with four of a kind, Aces
Seat 3: goldtipster folded before Flop (didn't bet)
Seat 4: Echdina folded before Flop (didn't bet)
Seat 5: Ramellzee showed [5c 5s] and lost with a full house, Aces full of Fives
Seat 6: Gabrielfs13 (button) folded before Flop (didn't bet)
Seat 7: Eva30Eva (small blind) folded before Flop
Seat 8: bbh1990 (big blind) showed [3d 3c] and lost with a full house, Aces full of Threes



PokerStars Hand #257343152778: Tournament #3918386795, $1.44+$1.50+$0.36 USD Hold'em No Limit - Level XII (125/250) - 2025/08/14 17:14:56 BRT [2025/08/14 16:14:56 ET]
Table '3918386795 110' 8-max Seat #7 is the button
Seat 1: PIGS2008 (6845 in chips, $1.50 bounty) 
Seat 2: esbjerdr (28872 in chips, $5.62 bounty) 
Seat 3: goldtipster (11537 in chips, $2.25 bounty) 
Seat 4: Echdina (20679 in chips, $5.25 bounty) 
Seat 5: Maina4444 (13134 in chips, $2.25 bounty) 
Seat 6: Gabrielfs13 (4894 in chips, $1.50 bounty) 
Seat 7: Eva30Eva (10995 in chips, $1.50 bounty) 
Seat 8: srbger (5000 in chips) out of hand (moved from another table into small blind)
srbger will be allowed to play after the button
PIGS2008: posts the ante 36
esbjerdr: posts the ante 36
goldtipster: posts the ante 36
Echdina: posts the ante 36
Maina4444: posts the ante 36
Gabrielfs13: posts the ante 36
Eva30Eva: posts the ante 36
PIGS2008: posts small blind 125
esbjerdr: posts big blind 250
*** HOLE CARDS ***
Dealt to Gabrielfs13 [2h 5d]
goldtipster: folds 
Echdina: folds 
Maina4444: raises 250 to 500
Gabrielfs13: folds 
Eva30Eva: calls 500
PIGS2008: raises 6309 to 6809 and is all-in
esbjerdr: folds 
Maina4444: folds 
Eva30Eva: folds 
Uncalled bet (6309) returned to PIGS2008
PIGS2008 collected 2002 from pot
PIGS2008: doesn't show hand 
*** SUMMARY ***
Total pot 2002 | Rake 0 
Seat 1: PIGS2008 (small blind) collected (2002)
Seat 2: esbjerdr (big blind) folded before Flop
Seat 3: goldtipster folded before Flop (didn't bet)
Seat 4: Echdina folded before Flop (didn't bet)
Seat 5: Maina4444 folded before Flop
Seat 6: Gabrielfs13 folded before Flop (didn't bet)
Seat 7: Eva30Eva (button) folded before Flop



PokerStars Hand #257343160887: Tournament #3918386795, $1.44+$1.50+$0.36 USD Hold'em No Limit - Level XII (125/250) - 2025/08/14 17:15:33 BRT [2025/08/14 16:15:33 ET]
Table '3918386795 110' 8-max Seat #1 is the button
Seat 1: PIGS2008 (8311 in chips, $1.50 bounty) 
Seat 2: esbjerdr (28586 in chips, $5.62 bounty) 
Seat 3: goldtipster (11501 in chips, $2.25 bounty) 
Seat 4: Echdina (20643 in chips, $5.25 bounty) 
Seat 5: Maina4444 (12598 in chips, $2.25 bounty) 
Seat 6: Gabrielfs13 (4858 in chips, $1.50 bounty) 
Seat 7: Eva30Eva (10459 in chips, $1.50 bounty) 
Seat 8: srbger (5000 in chips, $1.50 bounty) 
PIGS2008: posts the ante 36
esbjerdr: posts the ante 36
goldtipster: posts the ante 36
Echdina: posts the ante 36
Maina4444: posts the ante 36
Gabrielfs13: posts the ante 36
Eva30Eva: posts the ante 36
srbger: posts the ante 36
esbjerdr: posts small blind 125
goldtipster: posts big blind 250
*** HOLE CARDS ***
Dealt to Gabrielfs13 [7d 7c]
Echdina: folds 
Maina4444: calls 250
Gabrielfs13: raises 4572 to 4822 and is all-in
Eva30Eva: folds 
srbger: folds 
PIGS2008: folds 
esbjerdr: folds 
goldtipster: folds 
Maina4444: calls 4572
*** FLOP *** [As Ts 9c]
*** TURN *** [As Ts 9c] [5h]
*** RIVER *** [As Ts 9c 5h] [6h]
*** SHOW DOWN ***
Maina4444: shows [9s 9d] (three of a kind, Nines)
Gabrielfs13: shows [7d 7c] (a pair of Sevens)
Maina4444 collected 10307 from pot
Maina4444 wins $0.75 for eliminating Gabrielfs13 and their own bounty increases by $0.75 to $3
Gabrielfs13 finished the tournament
*** SUMMARY ***
Total pot 10307 | Rake 0 
Board [As Ts 9c 5h 6h]
Seat 1: PIGS2008 (button) folded before Flop (didn't bet)
Seat 2: esbjerdr (small blind) folded before Flop
Seat 3: goldtipster (big blind) folded before Flop
Seat 4: Echdina folded before Flop (didn't bet)
Seat 5: Maina4444 showed [9s 9d] and won (10307) with three of a kind, Nines
Seat 6: Gabrielfs13 showed [7d 7c] and lost with a pair of Sevens
Seat 7: Eva30Eva folded before Flop (didn't bet)
Seat 8: srbger folded before Flop (didn't bet)



