PokerStars Hand #257419842543: Tournament #3918666107, $2.94+$0.36 USD Hold'em No Limit - Level X (125/250) - 2025/08/20 16:54:36 BRT [2025/08/20 15:54:36 ET]
Table '3918666107 7' 9-max Seat #7 is the button
Seat 1: V-Delaney (5969 in chips) 
Seat 2: RamiRami1990 (17365 in chips) 
Seat 3: Klopfer5 (2065 in chips) 
Seat 4: MIMEME111 (8348 in chips) 
Seat 5: kirusha07xa (14054 in chips) 
Seat 6: S4rd4uk4r (2332 in chips) 
Seat 7: SGHurtadoL (12675 in chips) 
Seat 8: szilike66 (7069 in chips) 
Seat 9: Gabrielfs13 (3000 in chips) 
V-Delaney: posts the ante 30
RamiRami1990: posts the ante 30
Klopfer5: posts the ante 30
MIMEME111: posts the ante 30
kirusha07xa: posts the ante 30
S4rd4uk4r: posts the ante 30
SGHurtadoL: posts the ante 30
szilike66: posts the ante 30
Gabrielfs13: posts the ante 30
szilike66: posts small blind 125
Gabrielfs13: posts big blind 250
*** HOLE CARDS ***
Dealt to Gabrielfs13 [Ah 8s]
V-Delaney: folds 
RamiRami1990: folds 
Klopfer5: raises 1785 to 2035 and is all-in
MIMEME111: folds 
kirusha07xa: calls 2035
S4rd4uk4r: folds 
SGHurtadoL: folds 
szilike66: folds 
Gabrielfs13: folds 
*** FLOP *** [7c 8d 6c]
*** TURN *** [7c 8d 6c] [3h]
*** RIVER *** [7c 8d 6c 3h] [Td]
*** SHOW DOWN ***
Klopfer5: shows [Kd 3c] (a pair of Threes)
kirusha07xa: shows [Jc Jd] (a pair of Jacks)
kirusha07xa collected 4715 from pot
Klopfer5 finished the tournament
*** SUMMARY ***
Total pot 4715 | Rake 0 
Board [7c 8d 6c 3h Td]
Seat 1: V-Delaney folded before Flop (didn't bet)
Seat 2: RamiRami1990 folded before Flop (didn't bet)
Seat 3: Klopfer5 showed [Kd 3c] and lost with a pair of Threes
Seat 4: MIMEME111 folded before Flop (didn't bet)
Seat 5: kirusha07xa showed [Jc Jd] and won (4715) with a pair of Jacks
Seat 6: S4rd4uk4r folded before Flop (didn't bet)
Seat 7: SGHurtadoL (button) folded before Flop (didn't bet)
Seat 8: szilike66 (small blind) folded before Flop
Seat 9: Gabrielfs13 (big blind) folded before Flop



PokerStars Hand #257419910954: Tournament #3918666107, $2.94+$0.36 USD Hold'em No Limit - Level X (125/250) - 2025/08/20 17:01:21 BRT [2025/08/20 16:01:21 ET]
Table '3918666107 7' 9-max Seat #8 is the button
Seat 1: V-Delaney (5939 in chips) 
Seat 2: RamiRami1990 (17335 in chips) 
Seat 4: MIMEME111 (8318 in chips) 
Seat 5: kirusha07xa (16704 in chips) 
Seat 6: S4rd4uk4r (2302 in chips) 
Seat 7: SGHurtadoL (12645 in chips) 
Seat 8: szilike66 (6914 in chips) 
Seat 9: Gabrielfs13 (2720 in chips) 
V-Delaney: posts the ante 30
RamiRami1990: posts the ante 30
MIMEME111: posts the ante 30
kirusha07xa: posts the ante 30
S4rd4uk4r: posts the ante 30
SGHurtadoL: posts the ante 30
szilike66: posts the ante 30
Gabrielfs13: posts the ante 30
Gabrielfs13: posts small blind 125
V-Delaney: posts big blind 250
*** HOLE CARDS ***
Dealt to Gabrielfs13 [8s 7d]
RamiRami1990: folds 
MIMEME111: raises 250 to 500
kirusha07xa: calls 500
S4rd4uk4r: folds 
SGHurtadoL: folds 
szilike66: raises 6384 to 6884 and is all-in
Gabrielfs13: folds 
V-Delaney: folds 
MIMEME111: folds 
kirusha07xa: folds 
Uncalled bet (6384) returned to szilike66
szilike66 collected 2115 from pot
szilike66: doesn't show hand 
*** SUMMARY ***
Total pot 2115 | Rake 0 
Seat 1: V-Delaney (big blind) folded before Flop
Seat 2: RamiRami1990 folded before Flop (didn't bet)
Seat 4: MIMEME111 folded before Flop
Seat 5: kirusha07xa folded before Flop
Seat 6: S4rd4uk4r folded before Flop (didn't bet)
Seat 7: SGHurtadoL folded before Flop (didn't bet)
Seat 8: szilike66 (button) collected (2115)
Seat 9: Gabrielfs13 (small blind) folded before Flop



PokerStars Hand #257419934494: Tournament #3918666107, $2.94+$0.36 USD Hold'em No Limit - Level XI (150/300) - 2025/08/20 17:03:03 BRT [2025/08/20 16:03:03 ET]
Table '3918666107 1' 9-max Seat #4 is the button
Seat 1: gustonunes (5953 in chips) 
Seat 2: Gabrielfs13 (2565 in chips) 
Seat 4: N3GODR4M4 (9007 in chips) 
Seat 5: Chad618 (2690 in chips) 
Seat 6: MyHorseRoxes (2147 in chips) 
Seat 7: RodrigoC1914 (7050 in chips) 
Seat 8: jayjones93 (7725 in chips) 
Seat 9: RHAWWWW (12693 in chips) 
gustonunes: posts the ante 40
Gabrielfs13: posts the ante 40
N3GODR4M4: posts the ante 40
Chad618: posts the ante 40
MyHorseRoxes: posts the ante 40
RodrigoC1914: posts the ante 40
jayjones93: posts the ante 40
RHAWWWW: posts the ante 40
Chad618: posts small blind 150
MyHorseRoxes: posts big blind 300
*** HOLE CARDS ***
Dealt to Gabrielfs13 [8d 3h]
RodrigoC1914: folds 
jayjones93: calls 300
RHAWWWW: folds 
gustonunes: folds 
Gabrielfs13: folds 
N3GODR4M4: raises 750 to 1050
Chad618: raises 1600 to 2650 and is all-in
MyHorseRoxes: folds 
jayjones93: folds 
N3GODR4M4: calls 1600
*** FLOP *** [7h 8c 8s]
*** TURN *** [7h 8c 8s] [4d]
*** RIVER *** [7h 8c 8s 4d] [3s]
*** SHOW DOWN ***
Chad618: shows [Ac Td] (a pair of Eights)
N3GODR4M4: shows [Qd As] (a pair of Eights - Ace+Queen kicker)
N3GODR4M4 collected 6220 from pot
Chad618 finished the tournament in 58th place
*** SUMMARY ***
Total pot 6220 | Rake 0 
Board [7h 8c 8s 4d 3s]
Seat 1: gustonunes folded before Flop (didn't bet)
Seat 2: Gabrielfs13 folded before Flop (didn't bet)
Seat 4: N3GODR4M4 (button) showed [Qd As] and won (6220) with a pair of Eights
Seat 5: Chad618 (small blind) showed [Ac Td] and lost with a pair of Eights
Seat 6: MyHorseRoxes (big blind) folded before Flop
Seat 7: RodrigoC1914 folded before Flop (didn't bet)
Seat 8: jayjones93 folded before Flop
Seat 9: RHAWWWW folded before Flop (didn't bet)



PokerStars Hand #257419944698: Tournament #3918666107, $2.94+$0.36 USD Hold'em No Limit - Level XI (150/300) - 2025/08/20 17:03:46 BRT [2025/08/20 16:03:46 ET]
Table '3918666107 1' 9-max Seat #6 is the button
Seat 1: gustonunes (5913 in chips) 
Seat 2: Gabrielfs13 (2525 in chips) 
Seat 4: N3GODR4M4 (12537 in chips) 
Seat 6: MyHorseRoxes (1807 in chips) 
Seat 7: RodrigoC1914 (7010 in chips) 
Seat 8: jayjones93 (7385 in chips) 
Seat 9: RHAWWWW (12653 in chips) 
gustonunes: posts the ante 40
Gabrielfs13: posts the ante 40
N3GODR4M4: posts the ante 40
MyHorseRoxes: posts the ante 40
RodrigoC1914: posts the ante 40
jayjones93: posts the ante 40
RHAWWWW: posts the ante 40
RodrigoC1914: posts small blind 150
jayjones93: posts big blind 300
*** HOLE CARDS ***
Dealt to Gabrielfs13 [Jd Jc]
RHAWWWW: folds 
gustonunes: folds 
Gabrielfs13: raises 2185 to 2485 and is all-in
N3GODR4M4: folds 
MyHorseRoxes: folds 
RodrigoC1914: folds 
jayjones93: folds 
Uncalled bet (2185) returned to Gabrielfs13
Gabrielfs13 collected 1030 from pot
Gabrielfs13: doesn't show hand 
jonathanbas is disconnected 
*** SUMMARY ***
Total pot 1030 | Rake 0 
Seat 1: gustonunes folded before Flop (didn't bet)
Seat 2: Gabrielfs13 collected (1030)
Seat 4: N3GODR4M4 folded before Flop (didn't bet)
Seat 6: MyHorseRoxes (button) folded before Flop (didn't bet)
Seat 7: RodrigoC1914 (small blind) folded before Flop
Seat 8: jayjones93 (big blind) folded before Flop
Seat 9: RHAWWWW folded before Flop (didn't bet)



PokerStars Hand #257419957512: Tournament #3918666107, $2.94+$0.36 USD Hold'em No Limit - Level XI (150/300) - 2025/08/20 17:04:38 BRT [2025/08/20 16:04:38 ET]
Table '3918666107 1' 9-max Seat #7 is the button
Seat 1: gustonunes (5873 in chips) 
Seat 2: Gabrielfs13 (3215 in chips) 
Seat 3: Fil64 (22286 in chips) 
Seat 4: N3GODR4M4 (12497 in chips) 
Seat 5: jonathanbas (6379 in chips) 
Seat 6: MyHorseRoxes (1767 in chips) 
Seat 7: RodrigoC1914 (6820 in chips) 
Seat 8: jayjones93 (7045 in chips) 
Seat 9: RHAWWWW (12613 in chips) 
gustonunes: posts the ante 40
Gabrielfs13: posts the ante 40
Fil64: posts the ante 40
N3GODR4M4: posts the ante 40
jonathanbas: posts the ante 40
MyHorseRoxes: posts the ante 40
RodrigoC1914: posts the ante 40
jayjones93: posts the ante 40
RHAWWWW: posts the ante 40
jayjones93: posts small blind 150
RHAWWWW: posts big blind 300
*** HOLE CARDS ***
Dealt to Gabrielfs13 [Ah Ks]
gustonunes: folds 
Gabrielfs13: raises 2875 to 3175 and is all-in
Fil64: folds 
N3GODR4M4: folds 
jonathanbas: folds 
MyHorseRoxes: folds 
RodrigoC1914: folds 
jayjones93: folds 
RHAWWWW: folds 
Uncalled bet (2875) returned to Gabrielfs13
Gabrielfs13 collected 1110 from pot
Gabrielfs13: doesn't show hand 
*** SUMMARY ***
Total pot 1110 | Rake 0 
Seat 1: gustonunes folded before Flop (didn't bet)
Seat 2: Gabrielfs13 collected (1110)
Seat 3: Fil64 folded before Flop (didn't bet)
Seat 4: N3GODR4M4 folded before Flop (didn't bet)
Seat 5: jonathanbas folded before Flop (didn't bet)
Seat 6: MyHorseRoxes folded before Flop (didn't bet)
Seat 7: RodrigoC1914 (button) folded before Flop (didn't bet)
Seat 8: jayjones93 (small blind) folded before Flop
Seat 9: RHAWWWW (big blind) folded before Flop



PokerStars Hand #257419965742: Tournament #3918666107, $2.94+$0.36 USD Hold'em No Limit - Level XI (150/300) - 2025/08/20 17:05:11 BRT [2025/08/20 16:05:11 ET]
Table '3918666107 1' 9-max Seat #8 is the button
Seat 1: gustonunes (5833 in chips) 
Seat 2: Gabrielfs13 (3985 in chips) 
Seat 3: Fil64 (22246 in chips) 
Seat 4: N3GODR4M4 (12457 in chips) 
Seat 5: jonathanbas (6339 in chips) 
Seat 6: MyHorseRoxes (1727 in chips) 
Seat 7: RodrigoC1914 (6780 in chips) 
Seat 8: jayjones93 (6855 in chips) 
Seat 9: RHAWWWW (12273 in chips) 
gustonunes: posts the ante 40
Gabrielfs13: posts the ante 40
Fil64: posts the ante 40
N3GODR4M4: posts the ante 40
jonathanbas: posts the ante 40
MyHorseRoxes: posts the ante 40
RodrigoC1914: posts the ante 40
jayjones93: posts the ante 40
RHAWWWW: posts the ante 40
RHAWWWW: posts small blind 150
gustonunes: posts big blind 300
*** HOLE CARDS ***
Dealt to Gabrielfs13 [7h 8d]
Gabrielfs13: folds 
Fil64: folds 
N3GODR4M4: folds 
jonathanbas: raises 300 to 600
MyHorseRoxes: folds 
RodrigoC1914: folds 
jayjones93: folds 
RHAWWWW: folds 
gustonunes: raises 5193 to 5793 and is all-in
jonathanbas: folds 
Uncalled bet (5193) returned to gustonunes
gustonunes collected 1710 from pot
gustonunes: doesn't show hand 
*** SUMMARY ***
Total pot 1710 | Rake 0 
Seat 1: gustonunes (big blind) collected (1710)
Seat 2: Gabrielfs13 folded before Flop (didn't bet)
Seat 3: Fil64 folded before Flop (didn't bet)
Seat 4: N3GODR4M4 folded before Flop (didn't bet)
Seat 5: jonathanbas folded before Flop
Seat 6: MyHorseRoxes folded before Flop (didn't bet)
Seat 7: RodrigoC1914 folded before Flop (didn't bet)
Seat 8: jayjones93 (button) folded before Flop (didn't bet)
Seat 9: RHAWWWW (small blind) folded before Flop



PokerStars Hand #257419982944: Tournament #3918666107, $2.94+$0.36 USD Hold'em No Limit - Level XI (150/300) - 2025/08/20 17:06:21 BRT [2025/08/20 16:06:21 ET]
Table '3918666107 1' 9-max Seat #9 is the button
Seat 1: gustonunes (6903 in chips) 
Seat 2: Gabrielfs13 (3945 in chips) 
Seat 3: Fil64 (22206 in chips) 
Seat 4: N3GODR4M4 (12417 in chips) 
Seat 5: jonathanbas (5699 in chips) 
Seat 6: MyHorseRoxes (1687 in chips) 
Seat 7: RodrigoC1914 (6740 in chips) 
Seat 8: jayjones93 (6815 in chips) 
Seat 9: RHAWWWW (12083 in chips) 
gustonunes: posts the ante 40
Gabrielfs13: posts the ante 40
Fil64: posts the ante 40
N3GODR4M4: posts the ante 40
jonathanbas: posts the ante 40
MyHorseRoxes: posts the ante 40
RodrigoC1914: posts the ante 40
jayjones93: posts the ante 40
RHAWWWW: posts the ante 40
gustonunes: posts small blind 150
Gabrielfs13: posts big blind 300
*** HOLE CARDS ***
Dealt to Gabrielfs13 [5s Js]
Fil64: folds 
N3GODR4M4: folds 
jonathanbas: folds 
MyHorseRoxes: folds 
RodrigoC1914: raises 300 to 600
jayjones93: folds 
RHAWWWW: folds 
gustonunes: raises 1260 to 1860
Gabrielfs13: folds 
RodrigoC1914: folds 
Uncalled bet (1260) returned to gustonunes
gustonunes collected 1860 from pot
gustonunes: doesn't show hand 
*** SUMMARY ***
Total pot 1860 | Rake 0 
Seat 1: gustonunes (small blind) collected (1860)
Seat 2: Gabrielfs13 (big blind) folded before Flop
Seat 3: Fil64 folded before Flop (didn't bet)
Seat 4: N3GODR4M4 folded before Flop (didn't bet)
Seat 5: jonathanbas folded before Flop (didn't bet)
Seat 6: MyHorseRoxes folded before Flop (didn't bet)
Seat 7: RodrigoC1914 folded before Flop
Seat 8: jayjones93 folded before Flop (didn't bet)
Seat 9: RHAWWWW (button) folded before Flop (didn't bet)



PokerStars Hand #257419992619: Tournament #3918666107, $2.94+$0.36 USD Hold'em No Limit - Level XI (150/300) - 2025/08/20 17:07:00 BRT [2025/08/20 16:07:00 ET]
Table '3918666107 1' 9-max Seat #1 is the button
Seat 1: gustonunes (8123 in chips) 
Seat 2: Gabrielfs13 (3605 in chips) 
Seat 3: Fil64 (22166 in chips) 
Seat 4: N3GODR4M4 (12377 in chips) 
Seat 5: jonathanbas (5659 in chips) 
Seat 6: MyHorseRoxes (1647 in chips) 
Seat 7: RodrigoC1914 (6100 in chips) 
Seat 8: jayjones93 (6775 in chips) 
Seat 9: RHAWWWW (12043 in chips) 
gustonunes: posts the ante 40
Gabrielfs13: posts the ante 40
Fil64: posts the ante 40
N3GODR4M4: posts the ante 40
jonathanbas: posts the ante 40
MyHorseRoxes: posts the ante 40
RodrigoC1914: posts the ante 40
jayjones93: posts the ante 40
RHAWWWW: posts the ante 40
Gabrielfs13: posts small blind 150
Fil64: posts big blind 300
*** HOLE CARDS ***
Dealt to Gabrielfs13 [8h 6c]
N3GODR4M4: folds 
jonathanbas: folds 
MyHorseRoxes: folds 
RodrigoC1914: raises 300 to 600
jayjones93: folds 
RHAWWWW: folds 
gustonunes: calls 600
Gabrielfs13: folds 
Fil64: calls 300
*** FLOP *** [Td 3d 4s]
Fil64: checks 
RodrigoC1914: checks 
gustonunes: bets 1455
Fil64: folds 
RodrigoC1914: folds 
Uncalled bet (1455) returned to gustonunes
gustonunes collected 2310 from pot
gustonunes: doesn't show hand 
*** SUMMARY ***
Total pot 2310 | Rake 0 
Board [Td 3d 4s]
Seat 1: gustonunes (button) collected (2310)
Seat 2: Gabrielfs13 (small blind) folded before Flop
Seat 3: Fil64 (big blind) folded on the Flop
Seat 4: N3GODR4M4 folded before Flop (didn't bet)
Seat 5: jonathanbas folded before Flop (didn't bet)
Seat 6: MyHorseRoxes folded before Flop (didn't bet)
Seat 7: RodrigoC1914 folded on the Flop
Seat 8: jayjones93 folded before Flop (didn't bet)
Seat 9: RHAWWWW folded before Flop (didn't bet)



PokerStars Hand #257420012889: Tournament #3918666107, $2.94+$0.36 USD Hold'em No Limit - Level XI (150/300) - 2025/08/20 17:08:22 BRT [2025/08/20 16:08:22 ET]
Table '3918666107 1' 9-max Seat #2 is the button
Seat 1: gustonunes (9793 in chips) 
Seat 2: Gabrielfs13 (3415 in chips) 
Seat 3: Fil64 (21526 in chips) 
Seat 4: N3GODR4M4 (12337 in chips) 
Seat 5: jonathanbas (5619 in chips) 
Seat 6: MyHorseRoxes (1607 in chips) 
Seat 7: RodrigoC1914 (5460 in chips) 
Seat 8: jayjones93 (6735 in chips) 
Seat 9: RHAWWWW (12003 in chips) 
gustonunes: posts the ante 40
Gabrielfs13: posts the ante 40
Fil64: posts the ante 40
N3GODR4M4: posts the ante 40
jonathanbas: posts the ante 40
MyHorseRoxes: posts the ante 40
RodrigoC1914: posts the ante 40
jayjones93: posts the ante 40
RHAWWWW: posts the ante 40
Fil64: posts small blind 150
N3GODR4M4: posts big blind 300
*** HOLE CARDS ***
Dealt to Gabrielfs13 [9h 5d]
jonathanbas: folds 
MyHorseRoxes: folds 
RodrigoC1914: folds 
jayjones93: calls 300
RHAWWWW: raises 750 to 1050
gustonunes has timed out
gustonunes: folds 
gustonunes is sitting out
Gabrielfs13: folds 
Fil64: folds 
N3GODR4M4: folds 
jayjones93: calls 750
*** FLOP *** [6h 6d Ad]
gustonunes has returned
jayjones93: checks 
RHAWWWW: bets 728
jayjones93: folds 
Uncalled bet (728) returned to RHAWWWW
RHAWWWW collected 2910 from pot
RHAWWWW: doesn't show hand 
*** SUMMARY ***
Total pot 2910 | Rake 0 
Board [6h 6d Ad]
Seat 1: gustonunes folded before Flop (didn't bet)
Seat 2: Gabrielfs13 (button) folded before Flop (didn't bet)
Seat 3: Fil64 (small blind) folded before Flop
Seat 4: N3GODR4M4 (big blind) folded before Flop
Seat 5: jonathanbas folded before Flop (didn't bet)
Seat 6: MyHorseRoxes folded before Flop (didn't bet)
Seat 7: RodrigoC1914 folded before Flop (didn't bet)
Seat 8: jayjones93 folded on the Flop
Seat 9: RHAWWWW collected (2910)



PokerStars Hand #257420025225: Tournament #3918666107, $2.94+$0.36 USD Hold'em No Limit - Level XI (150/300) - 2025/08/20 17:09:12 BRT [2025/08/20 16:09:12 ET]
Table '3918666107 1' 9-max Seat #3 is the button
Seat 1: gustonunes (9753 in chips) 
Seat 2: Gabrielfs13 (3375 in chips) 
Seat 3: Fil64 (21336 in chips) 
Seat 4: N3GODR4M4 (11997 in chips) 
Seat 5: jonathanbas (5579 in chips) 
Seat 6: MyHorseRoxes (1567 in chips) 
Seat 7: RodrigoC1914 (5420 in chips) 
Seat 8: jayjones93 (5645 in chips) 
Seat 9: RHAWWWW (13823 in chips) 
gustonunes: posts the ante 40
Gabrielfs13: posts the ante 40
Fil64: posts the ante 40
N3GODR4M4: posts the ante 40
jonathanbas: posts the ante 40
MyHorseRoxes: posts the ante 40
RodrigoC1914: posts the ante 40
jayjones93: posts the ante 40
RHAWWWW: posts the ante 40
N3GODR4M4: posts small blind 150
jonathanbas: posts big blind 300
*** HOLE CARDS ***
Dealt to Gabrielfs13 [Qd 8d]
MyHorseRoxes: folds 
RodrigoC1914: folds 
jayjones93: raises 1110 to 1410
RHAWWWW: folds 
gustonunes: folds 
Gabrielfs13: folds 
Fil64: folds 
N3GODR4M4: folds 
jonathanbas: folds 
Uncalled bet (1110) returned to jayjones93
jayjones93 collected 1110 from pot
*** SUMMARY ***
Total pot 1110 | Rake 0 
Seat 1: gustonunes folded before Flop (didn't bet)
Seat 2: Gabrielfs13 folded before Flop (didn't bet)
Seat 3: Fil64 (button) folded before Flop (didn't bet)
Seat 4: N3GODR4M4 (small blind) folded before Flop
Seat 5: jonathanbas (big blind) folded before Flop
Seat 6: MyHorseRoxes folded before Flop (didn't bet)
Seat 7: RodrigoC1914 folded before Flop (didn't bet)
Seat 8: jayjones93 collected (1110)
Seat 9: RHAWWWW folded before Flop (didn't bet)



PokerStars Hand #257420035541: Tournament #3918666107, $2.94+$0.36 USD Hold'em No Limit - Level XI (150/300) - 2025/08/20 17:09:55 BRT [2025/08/20 16:09:55 ET]
Table '3918666107 1' 9-max Seat #4 is the button
Seat 1: gustonunes (9713 in chips) 
Seat 2: Gabrielfs13 (3335 in chips) 
Seat 3: Fil64 (21296 in chips) 
Seat 4: N3GODR4M4 (11807 in chips) 
Seat 5: jonathanbas (5239 in chips) 
Seat 6: MyHorseRoxes (1527 in chips) 
Seat 7: RodrigoC1914 (5380 in chips) 
Seat 8: jayjones93 (6415 in chips) 
Seat 9: RHAWWWW (13783 in chips) 
gustonunes: posts the ante 40
Gabrielfs13: posts the ante 40
Fil64: posts the ante 40
N3GODR4M4: posts the ante 40
jonathanbas: posts the ante 40
MyHorseRoxes: posts the ante 40
RodrigoC1914: posts the ante 40
jayjones93: posts the ante 40
RHAWWWW: posts the ante 40
jonathanbas: posts small blind 150
MyHorseRoxes: posts big blind 300
*** HOLE CARDS ***
Dealt to Gabrielfs13 [Jh Ah]
RodrigoC1914: folds 
jayjones93: calls 300
RHAWWWW: folds 
gustonunes: folds 
Gabrielfs13: raises 2995 to 3295 and is all-in
Fil64: folds 
N3GODR4M4: folds 
jonathanbas: folds 
MyHorseRoxes: calls 1187 and is all-in
jayjones93: folds 
Uncalled bet (1808) returned to Gabrielfs13
*** FLOP *** [3h Th 6d]
*** TURN *** [3h Th 6d] [Kh]
*** RIVER *** [3h Th 6d Kh] [6s]
*** SHOW DOWN ***
MyHorseRoxes: shows [Ad Ks] (two pair, Kings and Sixes)
Gabrielfs13: shows [Jh Ah] (a flush, Ace high)
Gabrielfs13 collected 3784 from pot
MyHorseRoxes finished the tournament in 50th place
*** SUMMARY ***
Total pot 3784 | Rake 0 
Board [3h Th 6d Kh 6s]
Seat 1: gustonunes folded before Flop (didn't bet)
Seat 2: Gabrielfs13 showed [Jh Ah] and won (3784) with a flush, Ace high
Seat 3: Fil64 folded before Flop (didn't bet)
Seat 4: N3GODR4M4 (button) folded before Flop (didn't bet)
Seat 5: jonathanbas (small blind) folded before Flop
Seat 6: MyHorseRoxes (big blind) showed [Ad Ks] and lost with two pair, Kings and Sixes
Seat 7: RodrigoC1914 folded before Flop (didn't bet)
Seat 8: jayjones93 folded before Flop
Seat 9: RHAWWWW folded before Flop (didn't bet)



PokerStars Hand #257420046806: Tournament #3918666107, $2.94+$0.36 USD Hold'em No Limit - Level XI (150/300) - 2025/08/20 17:10:41 BRT [2025/08/20 16:10:41 ET]
Table '3918666107 1' 9-max Seat #5 is the button
Seat 1: gustonunes (9673 in chips) 
Seat 2: Gabrielfs13 (5592 in chips) 
Seat 3: Fil64 (21256 in chips) 
Seat 4: N3GODR4M4 (11767 in chips) 
Seat 5: jonathanbas (5049 in chips) 
Seat 7: RodrigoC1914 (5340 in chips) 
Seat 8: jayjones93 (6075 in chips) 
Seat 9: RHAWWWW (13743 in chips) 
gustonunes: posts the ante 40
Gabrielfs13: posts the ante 40
Fil64: posts the ante 40
N3GODR4M4: posts the ante 40
jonathanbas: posts the ante 40
RodrigoC1914: posts the ante 40
jayjones93: posts the ante 40
RHAWWWW: posts the ante 40
RodrigoC1914: posts small blind 150
jayjones93: posts big blind 300
*** HOLE CARDS ***
Dealt to Gabrielfs13 [Js Th]
RHAWWWW: folds 
gustonunes: folds 
Gabrielfs13: folds 
Fil64: raises 600 to 900
N3GODR4M4: folds 
jonathanbas: folds 
RodrigoC1914: folds 
jayjones93: calls 600
*** FLOP *** [7s 5h Ah]
jayjones93: bets 1135
Fil64: raises 1735 to 2870
jayjones93: raises 2265 to 5135 and is all-in
Fil64: calls 2265
*** TURN *** [7s 5h Ah] [2h]
*** RIVER *** [7s 5h Ah 2h] [Jc]
*** SHOW DOWN ***
jayjones93: shows [5s 9s] (a pair of Fives)
Fil64: shows [Jh Ac] (two pair, Aces and Jacks)
Fil64 collected 12540 from pot
jayjones93 finished the tournament in 49th place
*** SUMMARY ***
Total pot 12540 | Rake 0 
Board [7s 5h Ah 2h Jc]
Seat 1: gustonunes folded before Flop (didn't bet)
Seat 2: Gabrielfs13 folded before Flop (didn't bet)
Seat 3: Fil64 showed [Jh Ac] and won (12540) with two pair, Aces and Jacks
Seat 4: N3GODR4M4 folded before Flop (didn't bet)
Seat 5: jonathanbas (button) folded before Flop (didn't bet)
Seat 7: RodrigoC1914 (small blind) folded before Flop
Seat 8: jayjones93 (big blind) showed [5s 9s] and lost with a pair of Fives
Seat 9: RHAWWWW folded before Flop (didn't bet)



PokerStars Hand #257420060948: Tournament #3918666107, $2.94+$0.36 USD Hold'em No Limit - Level XI (150/300) - 2025/08/20 17:11:40 BRT [2025/08/20 16:11:40 ET]
Table '3918666107 1' 9-max Seat #7 is the button
Seat 1: gustonunes (9633 in chips) 
Seat 2: Gabrielfs13 (5552 in chips) 
Seat 3: Fil64 (27721 in chips) 
Seat 4: N3GODR4M4 (11727 in chips) 
Seat 5: jonathanbas (5009 in chips) 
Seat 7: RodrigoC1914 (5150 in chips) 
Seat 9: RHAWWWW (13703 in chips) 
gustonunes: posts the ante 40
Gabrielfs13: posts the ante 40
Fil64: posts the ante 40
N3GODR4M4: posts the ante 40
jonathanbas: posts the ante 40
RodrigoC1914: posts the ante 40
RHAWWWW: posts the ante 40
RHAWWWW: posts small blind 150
gustonunes: posts big blind 300
*** HOLE CARDS ***
Dealt to Gabrielfs13 [2h 7c]
Gabrielfs13: folds 
Fil64: folds 
N3GODR4M4: raises 300 to 600
jonathanbas: folds 
RodrigoC1914: folds 
RHAWWWW: calls 450
gustonunes: calls 300
*** FLOP *** [6h Ts 2d]
RHAWWWW: checks 
gustonunes: bets 740
N3GODR4M4: calls 740
RHAWWWW: folds 
*** TURN *** [6h Ts 2d] [6d]
gustonunes: checks 
iguim_br is disconnected 
N3GODR4M4: checks 
*** RIVER *** [6h Ts 2d 6d] [5d]
gustonunes: checks 
N3GODR4M4: checks 
*** SHOW DOWN ***
gustonunes: shows [Jc Qs] (a pair of Sixes)
N3GODR4M4: shows [Kc As] (a pair of Sixes - Ace kicker)
N3GODR4M4 collected 3560 from pot
*** SUMMARY ***
Total pot 3560 | Rake 0 
Board [6h Ts 2d 6d 5d]
Seat 1: gustonunes (big blind) showed [Jc Qs] and lost with a pair of Sixes
Seat 2: Gabrielfs13 folded before Flop (didn't bet)
Seat 3: Fil64 folded before Flop (didn't bet)
Seat 4: N3GODR4M4 showed [Kc As] and won (3560) with a pair of Sixes
Seat 5: jonathanbas folded before Flop (didn't bet)
Seat 7: RodrigoC1914 (button) folded before Flop (didn't bet)
Seat 9: RHAWWWW (small blind) folded on the Flop



PokerStars Hand #257420085929: Tournament #3918666107, $2.94+$0.36 USD Hold'em No Limit - Level XII (200/400) - 2025/08/20 17:13:22 BRT [2025/08/20 16:13:22 ET]
Table '3918666107 1' 9-max Seat #9 is the button
Seat 1: gustonunes (8253 in chips) 
Seat 2: Gabrielfs13 (5512 in chips) 
Seat 3: Fil64 (27681 in chips) 
Seat 4: N3GODR4M4 (13907 in chips) 
Seat 5: jonathanbas (4969 in chips) 
Seat 7: RodrigoC1914 (5110 in chips) 
Seat 8: iguim_br (10904 in chips) 
Seat 9: RHAWWWW (13063 in chips) 
gustonunes: posts the ante 50
Gabrielfs13: posts the ante 50
Fil64: posts the ante 50
N3GODR4M4: posts the ante 50
jonathanbas: posts the ante 50
RodrigoC1914: posts the ante 50
iguim_br: posts the ante 50
RHAWWWW: posts the ante 50
gustonunes: posts small blind 200
Gabrielfs13: posts big blind 400
*** HOLE CARDS ***
Dealt to Gabrielfs13 [2d Jd]
Fil64: folds 
N3GODR4M4: folds 
jonathanbas: folds 
RodrigoC1914: folds 
iguim_br: raises 400 to 800
RHAWWWW: calls 800
V-Delaney is disconnected 
gustonunes: calls 600
Gabrielfs13: calls 400
*** FLOP *** [6s 4d 8c]
gustonunes: checks 
Gabrielfs13: checks 
iguim_br: checks 
RHAWWWW: checks 
*** TURN *** [6s 4d 8c] [3c]
gustonunes: checks 
Gabrielfs13: checks 
iguim_br: checks 
RHAWWWW: bets 1800
gustonunes: calls 1800
Gabrielfs13: folds 
iguim_br: folds 
*** RIVER *** [6s 4d 8c 3c] [6d]
gustonunes: checks 
RHAWWWW: bets 10413 and is all-in
gustonunes: folds 
Uncalled bet (10413) returned to RHAWWWW
RHAWWWW collected 7200 from pot
RHAWWWW: doesn't show hand 
*** SUMMARY ***
Total pot 7200 | Rake 0 
Board [6s 4d 8c 3c 6d]
Seat 1: gustonunes (small blind) folded on the River
Seat 2: Gabrielfs13 (big blind) folded on the Turn
Seat 3: Fil64 folded before Flop (didn't bet)
Seat 4: N3GODR4M4 folded before Flop (didn't bet)
Seat 5: jonathanbas folded before Flop (didn't bet)
Seat 7: RodrigoC1914 folded before Flop (didn't bet)
Seat 8: iguim_br folded on the Turn
Seat 9: RHAWWWW (button) collected (7200)



PokerStars Hand #257420116117: Tournament #3918666107, $2.94+$0.36 USD Hold'em No Limit - Level XII (200/400) - 2025/08/20 17:15:27 BRT [2025/08/20 16:15:27 ET]
Table '3918666107 1' 9-max Seat #1 is the button
Seat 1: gustonunes (5603 in chips) 
Seat 2: Gabrielfs13 (4662 in chips) 
Seat 4: N3GODR4M4 (13857 in chips) 
Seat 5: jonathanbas (4919 in chips) 
Seat 6: V-Delaney (19144 in chips) 
Seat 7: RodrigoC1914 (5060 in chips) 
Seat 8: iguim_br (10054 in chips) 
Seat 9: RHAWWWW (17613 in chips) 
gustonunes: posts the ante 50
Gabrielfs13: posts the ante 50
N3GODR4M4: posts the ante 50
jonathanbas: posts the ante 50
V-Delaney: posts the ante 50
RodrigoC1914: posts the ante 50
iguim_br: posts the ante 50
RHAWWWW: posts the ante 50
Gabrielfs13: posts small blind 200
N3GODR4M4: posts big blind 400
*** HOLE CARDS ***
Dealt to Gabrielfs13 [4c 9d]
jonathanbas: folds 
V-Delaney: folds 
RodrigoC1914: folds 
iguim_br: folds 
RHAWWWW: folds 
gustonunes has timed out
gustonunes: folds 
gustonunes is sitting out
Gabrielfs13: folds 
Uncalled bet (200) returned to N3GODR4M4
N3GODR4M4 collected 800 from pot
*** SUMMARY ***
Total pot 800 | Rake 0 
Seat 1: gustonunes (button) folded before Flop (didn't bet)
Seat 2: Gabrielfs13 (small blind) folded before Flop
Seat 4: N3GODR4M4 (big blind) collected (800)
Seat 5: jonathanbas folded before Flop (didn't bet)
Seat 6: V-Delaney folded before Flop (didn't bet)
Seat 7: RodrigoC1914 folded before Flop (didn't bet)
Seat 8: iguim_br folded before Flop (didn't bet)
Seat 9: RHAWWWW folded before Flop (didn't bet)



PokerStars Hand #257420124745: Tournament #3918666107, $2.94+$0.36 USD Hold'em No Limit - Level XII (200/400) - 2025/08/20 17:16:03 BRT [2025/08/20 16:16:03 ET]
Table '3918666107 1' 9-max Seat #2 is the button
Seat 1: gustonunes (5553 in chips) is sitting out
Seat 2: Gabrielfs13 (4412 in chips) 
Seat 4: N3GODR4M4 (14407 in chips) 
Seat 5: jonathanbas (4869 in chips) 
Seat 6: V-Delaney (19094 in chips) 
Seat 7: RodrigoC1914 (5010 in chips) 
Seat 8: iguim_br (10004 in chips) 
Seat 9: RHAWWWW (17563 in chips) 
gustonunes: posts the ante 50
Gabrielfs13: posts the ante 50
N3GODR4M4: posts the ante 50
jonathanbas: posts the ante 50
V-Delaney: posts the ante 50
RodrigoC1914: posts the ante 50
iguim_br: posts the ante 50
RHAWWWW: posts the ante 50
N3GODR4M4: posts small blind 200
jonathanbas: posts big blind 400
*** HOLE CARDS ***
Dealt to Gabrielfs13 [Ks Jc]
gustonunes has returned
V-Delaney: folds 
RodrigoC1914: folds 
iguim_br: folds 
RHAWWWW: folds 
gustonunes: folds 
Gabrielfs13: raises 3962 to 4362 and is all-in
N3GODR4M4: folds 
jonathanbas: folds 
Uncalled bet (3962) returned to Gabrielfs13
Gabrielfs13 collected 1400 from pot
Gabrielfs13: doesn't show hand 
*** SUMMARY ***
Total pot 1400 | Rake 0 
Seat 1: gustonunes folded before Flop (didn't bet)
Seat 2: Gabrielfs13 (button) collected (1400)
Seat 4: N3GODR4M4 (small blind) folded before Flop
Seat 5: jonathanbas (big blind) folded before Flop
Seat 6: V-Delaney folded before Flop (didn't bet)
Seat 7: RodrigoC1914 folded before Flop (didn't bet)
Seat 8: iguim_br folded before Flop (didn't bet)
Seat 9: RHAWWWW folded before Flop (didn't bet)



PokerStars Hand #257420133057: Tournament #3918666107, $2.94+$0.36 USD Hold'em No Limit - Level XII (200/400) - 2025/08/20 17:16:38 BRT [2025/08/20 16:16:38 ET]
Table '3918666107 1' 9-max Seat #4 is the button
Seat 1: gustonunes (5503 in chips) 
Seat 2: Gabrielfs13 (5362 in chips) 
Seat 4: N3GODR4M4 (14157 in chips) 
Seat 5: jonathanbas (4419 in chips) 
Seat 6: V-Delaney (19044 in chips) 
Seat 7: RodrigoC1914 (4960 in chips) 
Seat 8: iguim_br (9954 in chips) 
Seat 9: RHAWWWW (17513 in chips) 
gustonunes: posts the ante 50
Gabrielfs13: posts the ante 50
N3GODR4M4: posts the ante 50
jonathanbas: posts the ante 50
V-Delaney: posts the ante 50
RodrigoC1914: posts the ante 50
iguim_br: posts the ante 50
RHAWWWW: posts the ante 50
jonathanbas: posts small blind 200
V-Delaney: posts big blind 400
*** HOLE CARDS ***
Dealt to Gabrielfs13 [8c 6d]
RodrigoC1914: folds 
iguim_br: folds 
RHAWWWW: raises 400 to 800
gustonunes: folds 
Gabrielfs13: folds 
N3GODR4M4: calls 800
jonathanbas: folds 
V-Delaney: calls 400
*** FLOP *** [6s 4c 4h]
V-Delaney: checks 
RHAWWWW: bets 800
N3GODR4M4: calls 800
V-Delaney: folds 
*** TURN *** [6s 4c 4h] [9s]
RHAWWWW: bets 2800
N3GODR4M4: folds 
Uncalled bet (2800) returned to RHAWWWW
RHAWWWW collected 4600 from pot
RHAWWWW: doesn't show hand 
*** SUMMARY ***
Total pot 4600 | Rake 0 
Board [6s 4c 4h 9s]
Seat 1: gustonunes folded before Flop (didn't bet)
Seat 2: Gabrielfs13 folded before Flop (didn't bet)
Seat 4: N3GODR4M4 (button) folded on the Turn
Seat 5: jonathanbas (small blind) folded before Flop
Seat 6: V-Delaney (big blind) folded on the Flop
Seat 7: RodrigoC1914 folded before Flop (didn't bet)
Seat 8: iguim_br folded before Flop (didn't bet)
Seat 9: RHAWWWW collected (4600)



PokerStars Hand #257420155937: Tournament #3918666107, $2.94+$0.36 USD Hold'em No Limit - Level XII (200/400) - 2025/08/20 17:18:12 BRT [2025/08/20 16:18:12 ET]
Table '3918666107 1' 9-max Seat #5 is the button
Seat 1: gustonunes (5453 in chips) 
Seat 2: Gabrielfs13 (5312 in chips) 
Seat 4: N3GODR4M4 (12507 in chips) 
Seat 5: jonathanbas (4169 in chips) 
Seat 6: V-Delaney (18194 in chips) 
Seat 7: RodrigoC1914 (4910 in chips) 
Seat 8: iguim_br (9904 in chips) 
Seat 9: RHAWWWW (20463 in chips) 
gustonunes: posts the ante 50
Gabrielfs13: posts the ante 50
N3GODR4M4: posts the ante 50
jonathanbas: posts the ante 50
V-Delaney: posts the ante 50
RodrigoC1914: posts the ante 50
iguim_br: posts the ante 50
RHAWWWW: posts the ante 50
V-Delaney: posts small blind 200
RodrigoC1914: posts big blind 400
*** HOLE CARDS ***
Dealt to Gabrielfs13 [Jc Ts]
iguim_br: folds 
RHAWWWW: folds 
gustonunes: folds 
Gabrielfs13: folds 
N3GODR4M4: folds 
jonathanbas: raises 3719 to 4119 and is all-in
V-Delaney: folds 
RodrigoC1914: folds 
Uncalled bet (3719) returned to jonathanbas
jonathanbas collected 1400 from pot
jonathanbas: doesn't show hand 
*** SUMMARY ***
Total pot 1400 | Rake 0 
Seat 1: gustonunes folded before Flop (didn't bet)
Seat 2: Gabrielfs13 folded before Flop (didn't bet)
Seat 4: N3GODR4M4 folded before Flop (didn't bet)
Seat 5: jonathanbas (button) collected (1400)
Seat 6: V-Delaney (small blind) folded before Flop
Seat 7: RodrigoC1914 (big blind) folded before Flop
Seat 8: iguim_br folded before Flop (didn't bet)
Seat 9: RHAWWWW folded before Flop (didn't bet)



PokerStars Hand #257420165669: Tournament #3918666107, $2.94+$0.36 USD Hold'em No Limit - Level XII (200/400) - 2025/08/20 17:18:53 BRT [2025/08/20 16:18:53 ET]
Table '3918666107 1' 9-max Seat #6 is the button
Seat 1: gustonunes (5403 in chips) 
Seat 2: Gabrielfs13 (5262 in chips) 
Seat 4: N3GODR4M4 (12457 in chips) 
Seat 5: jonathanbas (5119 in chips) 
Seat 6: V-Delaney (17944 in chips) 
Seat 7: RodrigoC1914 (4460 in chips) 
Seat 8: iguim_br (9854 in chips) 
Seat 9: RHAWWWW (20413 in chips) 
gustonunes: posts the ante 50
Gabrielfs13: posts the ante 50
N3GODR4M4: posts the ante 50
jonathanbas: posts the ante 50
V-Delaney: posts the ante 50
RodrigoC1914: posts the ante 50
iguim_br: posts the ante 50
RHAWWWW: posts the ante 50
RodrigoC1914: posts small blind 200
iguim_br: posts big blind 400
*** HOLE CARDS ***
Dealt to Gabrielfs13 [4c 9s]
RHAWWWW: folds 
gustonunes: folds 
Gabrielfs13: folds 
N3GODR4M4: folds 
jonathanbas: folds 
V-Delaney: folds 
RodrigoC1914: folds 
Uncalled bet (200) returned to iguim_br
iguim_br collected 800 from pot
iguim_br: doesn't show hand 
*** SUMMARY ***
Total pot 800 | Rake 0 
Seat 1: gustonunes folded before Flop (didn't bet)
Seat 2: Gabrielfs13 folded before Flop (didn't bet)
Seat 4: N3GODR4M4 folded before Flop (didn't bet)
Seat 5: jonathanbas folded before Flop (didn't bet)
Seat 6: V-Delaney (button) folded before Flop (didn't bet)
Seat 7: RodrigoC1914 (small blind) folded before Flop
Seat 8: iguim_br (big blind) collected (800)
Seat 9: RHAWWWW folded before Flop (didn't bet)



PokerStars Hand #257420174073: Tournament #3918666107, $2.94+$0.36 USD Hold'em No Limit - Level XII (200/400) - 2025/08/20 17:19:27 BRT [2025/08/20 16:19:27 ET]
Table '3918666107 1' 9-max Seat #7 is the button
Seat 1: gustonunes (5353 in chips) 
Seat 2: Gabrielfs13 (5212 in chips) 
Seat 4: N3GODR4M4 (12407 in chips) 
Seat 5: jonathanbas (5069 in chips) 
Seat 6: V-Delaney (17894 in chips) 
Seat 7: RodrigoC1914 (4210 in chips) 
Seat 8: iguim_br (10404 in chips) 
Seat 9: RHAWWWW (20363 in chips) 
gustonunes: posts the ante 50
Gabrielfs13: posts the ante 50
N3GODR4M4: posts the ante 50
jonathanbas: posts the ante 50
V-Delaney: posts the ante 50
RodrigoC1914: posts the ante 50
iguim_br: posts the ante 50
RHAWWWW: posts the ante 50
iguim_br: posts small blind 200
RHAWWWW: posts big blind 400
*** HOLE CARDS ***
Dealt to Gabrielfs13 [Th 8h]
gustonunes: folds 
Gabrielfs13: folds 
N3GODR4M4: folds 
jonathanbas: folds 
V-Delaney: folds 
RodrigoC1914: raises 3760 to 4160 and is all-in
iguim_br: raises 6194 to 10354 and is all-in
RHAWWWW: folds 
Uncalled bet (6194) returned to iguim_br
*** FLOP *** [Jh Ac 5d]
*** TURN *** [Jh Ac 5d] [4c]
*** RIVER *** [Jh Ac 5d 4c] [6s]
*** SHOW DOWN ***
iguim_br: shows [Kh Qc] (high card Ace)
RodrigoC1914: shows [Kc 9d] (high card Ace - lower kicker)
iguim_br collected 9120 from pot
RodrigoC1914 finished the tournament in 38th place
*** SUMMARY ***
Total pot 9120 | Rake 0 
Board [Jh Ac 5d 4c 6s]
Seat 1: gustonunes folded before Flop (didn't bet)
Seat 2: Gabrielfs13 folded before Flop (didn't bet)
Seat 4: N3GODR4M4 folded before Flop (didn't bet)
Seat 5: jonathanbas folded before Flop (didn't bet)
Seat 6: V-Delaney folded before Flop (didn't bet)
Seat 7: RodrigoC1914 (button) showed [Kc 9d] and lost with high card Ace
Seat 8: iguim_br (small blind) showed [Kh Qc] and won (9120) with high card Ace
Seat 9: RHAWWWW (big blind) folded before Flop



PokerStars Hand #257420187547: Tournament #3918666107, $2.94+$0.36 USD Hold'em No Limit - Level XII (200/400) - 2025/08/20 17:20:22 BRT [2025/08/20 16:20:22 ET]
Table '3918666107 1' 9-max Seat #8 is the button
Seat 1: gustonunes (5303 in chips) 
Seat 2: Gabrielfs13 (5162 in chips) 
Seat 4: N3GODR4M4 (12357 in chips) 
Seat 5: jonathanbas (5019 in chips) 
Seat 6: V-Delaney (17844 in chips) 
Seat 8: iguim_br (15314 in chips) 
Seat 9: RHAWWWW (19913 in chips) 
gustonunes: posts the ante 50
Gabrielfs13: posts the ante 50
N3GODR4M4: posts the ante 50
jonathanbas: posts the ante 50
V-Delaney: posts the ante 50
iguim_br: posts the ante 50
RHAWWWW: posts the ante 50
RHAWWWW: posts small blind 200
gustonunes: posts big blind 400
*** HOLE CARDS ***
Dealt to Gabrielfs13 [Qc 6s]
Gabrielfs13: folds 
N3GODR4M4: folds 
jonathanbas: folds 
V-Delaney: raises 520 to 920
iguim_br: folds 
RHAWWWW: folds 
gustonunes: raises 4333 to 5253 and is all-in
Gunterclem is disconnected 
V-Delaney: folds 
Uncalled bet (4333) returned to gustonunes
gustonunes collected 2390 from pot
gustonunes: doesn't show hand 
*** SUMMARY ***
Total pot 2390 | Rake 0 
Seat 1: gustonunes (big blind) collected (2390)
Seat 2: Gabrielfs13 folded before Flop (didn't bet)
Seat 4: N3GODR4M4 folded before Flop (didn't bet)
Seat 5: jonathanbas folded before Flop (didn't bet)
Seat 6: V-Delaney folded before Flop
Seat 8: iguim_br (button) folded before Flop (didn't bet)
Seat 9: RHAWWWW (small blind) folded before Flop



PokerStars Hand #257420199213: Tournament #3918666107, $2.94+$0.36 USD Hold'em No Limit - Level XII (200/400) - 2025/08/20 17:21:09 BRT [2025/08/20 16:21:09 ET]
Table '3918666107 1' 9-max Seat #9 is the button
Seat 1: gustonunes (6723 in chips) 
Seat 2: Gabrielfs13 (5112 in chips) 
Seat 3: mwdd28 (9594 in chips) 
Seat 4: N3GODR4M4 (12307 in chips) 
Seat 5: jonathanbas (4969 in chips) 
Seat 6: V-Delaney (16874 in chips) 
Seat 7: Gunterclem (17920 in chips) 
Seat 8: iguim_br (15264 in chips) 
Seat 9: RHAWWWW (19663 in chips) 
gustonunes: posts the ante 50
Gabrielfs13: posts the ante 50
mwdd28: posts the ante 50
N3GODR4M4: posts the ante 50
jonathanbas: posts the ante 50
V-Delaney: posts the ante 50
Gunterclem: posts the ante 50
iguim_br: posts the ante 50
RHAWWWW: posts the ante 50
gustonunes: posts small blind 200
Gabrielfs13: posts big blind 400
*** HOLE CARDS ***
Dealt to Gabrielfs13 [6d 7h]
mwdd28: folds 
N3GODR4M4: folds 
jonathanbas: folds 
V-Delaney: folds 
Gunterclem: raises 400 to 800
iguim_br: raises 1200 to 2000
RHAWWWW: folds 
gustonunes: folds 
Gabrielfs13: folds 
Gunterclem: calls 1200
*** FLOP *** [2d 7d 5s]
Gunterclem: checks 
iguim_br: bets 1200
Gunterclem: calls 1200
*** TURN *** [2d 7d 5s] [5d]
Gunterclem: checks 
iguim_br: bets 2800
Gunterclem: folds 
Uncalled bet (2800) returned to iguim_br
iguim_br collected 7450 from pot
iguim_br: doesn't show hand 
*** SUMMARY ***
Total pot 7450 | Rake 0 
Board [2d 7d 5s 5d]
Seat 1: gustonunes (small blind) folded before Flop
Seat 2: Gabrielfs13 (big blind) folded before Flop
Seat 3: mwdd28 folded before Flop (didn't bet)
Seat 4: N3GODR4M4 folded before Flop (didn't bet)
Seat 5: jonathanbas folded before Flop (didn't bet)
Seat 6: V-Delaney folded before Flop (didn't bet)
Seat 7: Gunterclem folded on the Turn
Seat 8: iguim_br collected (7450)
Seat 9: RHAWWWW (button) folded before Flop (didn't bet)



PokerStars Hand #257420215997: Tournament #3918666107, $2.94+$0.36 USD Hold'em No Limit - Level XIII (250/500) - 2025/08/20 17:22:18 BRT [2025/08/20 16:22:18 ET]
Table '3918666107 1' 9-max Seat #1 is the button
Seat 1: gustonunes (6473 in chips) 
Seat 2: Gabrielfs13 (4662 in chips) 
Seat 3: mwdd28 (9544 in chips) 
Seat 4: N3GODR4M4 (12257 in chips) 
Seat 5: jonathanbas (4919 in chips) 
Seat 6: V-Delaney (16824 in chips) 
Seat 7: Gunterclem (14670 in chips) 
Seat 8: iguim_br (19464 in chips) 
Seat 9: RHAWWWW (19613 in chips) 
gustonunes: posts the ante 60
Gabrielfs13: posts the ante 60
mwdd28: posts the ante 60
N3GODR4M4: posts the ante 60
jonathanbas: posts the ante 60
V-Delaney: posts the ante 60
Gunterclem: posts the ante 60
iguim_br: posts the ante 60
RHAWWWW: posts the ante 60
Gabrielfs13: posts small blind 250
mwdd28: posts big blind 500
*** HOLE CARDS ***
Dealt to Gabrielfs13 [2d 2c]
N3GODR4M4: raises 500 to 1000
jonathanbas: folds 
V-Delaney: folds 
Gunterclem: folds 
iguim_br: folds 
RHAWWWW: folds 
gustonunes: raises 5413 to 6413 and is all-in
Gabrielfs13: calls 4352 and is all-in
mwdd28: folds 
N3GODR4M4: folds 
Uncalled bet (1811) returned to gustonunes
*** FLOP *** [Kd 5s Ah]
*** TURN *** [Kd 5s Ah] [8s]
*** RIVER *** [Kd 5s Ah 8s] [4c]
*** SHOW DOWN ***
Gabrielfs13: shows [2d 2c] (a pair of Deuces)
gustonunes: shows [Qc Kh] (a pair of Kings)
gustonunes collected 11244 from pot
Gabrielfs13 finished the tournament in 35th place
*** SUMMARY ***
Total pot 11244 | Rake 0 
Board [Kd 5s Ah 8s 4c]
Seat 1: gustonunes (button) showed [Qc Kh] and won (11244) with a pair of Kings
Seat 2: Gabrielfs13 (small blind) showed [2d 2c] and lost with a pair of Deuces
Seat 3: mwdd28 (big blind) folded before Flop
Seat 4: N3GODR4M4 folded before Flop
Seat 5: jonathanbas folded before Flop (didn't bet)
Seat 6: V-Delaney folded before Flop (didn't bet)
Seat 7: Gunterclem folded before Flop (didn't bet)
Seat 8: iguim_br folded before Flop (didn't bet)
Seat 9: RHAWWWW folded before Flop (didn't bet)



