PokerStars Hand #248819666601: Tournament #3710074716, €27+€3 EUR Hold'em No Limit - Level XV (3500/7000) - 2024/02/11 13:12:26 BRT [2024/02/11 11:12:26 ET]
Table '3710074716 5' 8-max Seat #8 is the button
Seat 1: kelkepar (81586 in chips) 
Seat 2: StormDCrow (96500 in chips) 
Seat 3: AAmorAA (100686 in chips) 
Seat 4: CoelhooPKR (98250 in chips) 
Seat 5: deiraisetonuts (100000 in chips) 
Seat 6: LeKmembert (73778 in chips) 
Seat 7: aksvsako (168250 in chips) 
Seat 8: savichkd (335067 in chips) 
kelkepar: posts the ante 875
StormDCrow: posts the ante 875
AAmorAA: posts the ante 875
CoelhooPKR: posts the ante 875
deiraisetonuts: posts the ante 875
LeKmembert: posts the ante 875
aksvsako: posts the ante 875
savichkd: posts the ante 875
kelkepar: posts small blind 3500
StormDCrow: posts big blind 7000
*** HOLE CARDS ***
Dealt to deiraisetonuts [Jd Ts]
AAmorAA: folds 
CoelhooPKR: folds 
deiraisetonuts: folds 
LeKmembert: folds 
aksvsako: folds 
savichkd: raises 7000 to 14000
kelkepar: folds 
StormDCrow: raises 81625 to 95625 and is all-in
savichkd: folds 
Uncalled bet (81625) returned to StormDCrow
StormDCrow collected 38500 from pot
StormDCrow: doesn't show hand 
*** SUMMARY ***
Total pot 38500 | Rake 0 
Seat 1: kelkepar (small blind) folded before Flop
Seat 2: StormDCrow (big blind) collected (38500)
Seat 3: AAmorAA folded before Flop (didn't bet)
Seat 4: CoelhooPKR folded before Flop (didn't bet)
Seat 5: deiraisetonuts folded before Flop (didn't bet)
Seat 6: LeKmembert folded before Flop (didn't bet)
Seat 7: aksvsako folded before Flop (didn't bet)
Seat 8: savichkd (button) folded before Flop



PokerStars Hand #248819678037: Tournament #3710074716, €27+€3 EUR Hold'em No Limit - Level XVI (4000/8000) - 2024/02/11 13:13:00 BRT [2024/02/11 11:13:00 ET]
Table '3710074716 5' 8-max Seat #1 is the button
Seat 1: kelkepar (77211 in chips) 
Seat 2: StormDCrow (120125 in chips) 
Seat 3: AAmorAA (99811 in chips) 
Seat 4: CoelhooPKR (97375 in chips) 
Seat 5: deiraisetonuts (99125 in chips) 
Seat 6: LeKmembert (72903 in chips) 
Seat 7: aksvsako (167375 in chips) 
Seat 8: savichkd (320192 in chips) 
kelkepar: posts the ante 1000
StormDCrow: posts the ante 1000
AAmorAA: posts the ante 1000
CoelhooPKR: posts the ante 1000
deiraisetonuts: posts the ante 1000
LeKmembert: posts the ante 1000
aksvsako: posts the ante 1000
savichkd: posts the ante 1000
StormDCrow: posts small blind 4000
AAmorAA: posts big blind 8000
*** HOLE CARDS ***
Dealt to deiraisetonuts [5s 2d]
deiraisetonuts is disconnected 
CoelhooPKR has timed out
CoelhooPKR: folds 
CoelhooPKR is sitting out
deiraisetonuts: folds 
LeKmembert: folds 
aksvsako: folds 
savichkd: raises 8000 to 16000
kelkepar: raises 60211 to 76211 and is all-in
StormDCrow: folds 
CoelhooPKR has returned
AAmorAA: folds 
savichkd: calls 60211
*** FLOP *** [9d 6d 7h]
*** TURN *** [9d 6d 7h] [4c]
*** RIVER *** [9d 6d 7h 4c] [3c]
*** SHOW DOWN ***
savichkd: shows [Qc Ac] (high card Ace)
kelkepar: shows [9c Js] (a pair of Nines)
kelkepar collected 172422 from pot
*** SUMMARY ***
Total pot 172422 | Rake 0 
Board [9d 6d 7h 4c 3c]
Seat 1: kelkepar (button) showed [9c Js] and won (172422) with a pair of Nines
Seat 2: StormDCrow (small blind) folded before Flop
Seat 3: AAmorAA (big blind) folded before Flop
Seat 4: CoelhooPKR folded before Flop (didn't bet)
Seat 5: deiraisetonuts folded before Flop (didn't bet)
Seat 6: LeKmembert folded before Flop (didn't bet)
Seat 7: aksvsako folded before Flop (didn't bet)
Seat 8: savichkd showed [Qc Ac] and lost with high card Ace



PokerStars Hand #248819702902: Tournament #3710074716, €27+€3 EUR Hold'em No Limit - Level XVI (4000/8000) - 2024/02/11 13:14:16 BRT [2024/02/11 11:14:16 ET]
Table '3710074716 5' 8-max Seat #2 is the button
Seat 1: kelkepar (172422 in chips) 
Seat 2: StormDCrow (115125 in chips) 
Seat 3: AAmorAA (90811 in chips) 
Seat 4: CoelhooPKR (96375 in chips) 
Seat 5: deiraisetonuts (98125 in chips) 
Seat 6: LeKmembert (71903 in chips) 
Seat 7: aksvsako (166375 in chips) 
Seat 8: savichkd (242981 in chips) 
kelkepar: posts the ante 1000
StormDCrow: posts the ante 1000
AAmorAA: posts the ante 1000
CoelhooPKR: posts the ante 1000
deiraisetonuts: posts the ante 1000
LeKmembert: posts the ante 1000
aksvsako: posts the ante 1000
savichkd: posts the ante 1000
AAmorAA: posts small blind 4000
CoelhooPKR: posts big blind 8000
*** HOLE CARDS ***
Dealt to deiraisetonuts [5c 8s]
deiraisetonuts: folds 
LeKmembert: folds 
aksvsako: folds 
savichkd: folds 
kelkepar: folds 
StormDCrow: raises 106125 to 114125 and is all-in
AAmorAA: folds 
CoelhooPKR: calls 87375 and is all-in
Uncalled bet (18750) returned to StormDCrow
*** FLOP *** [3d 7d Qs]
*** TURN *** [3d 7d Qs] [3s]
*** RIVER *** [3d 7d Qs 3s] [Tc]
*** SHOW DOWN ***
CoelhooPKR: shows [Ac Ad] (two pair, Aces and Threes)
StormDCrow: shows [2d As] (a pair of Threes)
CoelhooPKR collected 202750 from pot
*** SUMMARY ***
Total pot 202750 | Rake 0 
Board [3d 7d Qs 3s Tc]
Seat 1: kelkepar folded before Flop (didn't bet)
Seat 2: StormDCrow (button) showed [2d As] and lost with a pair of Threes
Seat 3: AAmorAA (small blind) folded before Flop
Seat 4: CoelhooPKR (big blind) showed [Ac Ad] and won (202750) with two pair, Aces and Threes
Seat 5: deiraisetonuts folded before Flop (didn't bet)
Seat 6: LeKmembert folded before Flop (didn't bet)
Seat 7: aksvsako folded before Flop (didn't bet)
Seat 8: savichkd folded before Flop (didn't bet)



PokerStars Hand #248819714301: Tournament #3710074716, €27+€3 EUR Hold'em No Limit - Level XVI (4000/8000) - 2024/02/11 13:14:50 BRT [2024/02/11 11:14:50 ET]
Table '3710074716 5' 8-max Seat #3 is the button
Seat 1: kelkepar (171422 in chips) 
Seat 2: StormDCrow (18750 in chips) 
Seat 3: AAmorAA (85811 in chips) 
Seat 4: CoelhooPKR (202750 in chips) 
Seat 5: deiraisetonuts (97125 in chips) 
Seat 6: LeKmembert (70903 in chips) 
Seat 7: aksvsako (165375 in chips) 
Seat 8: savichkd (241981 in chips) 
kelkepar: posts the ante 1000
StormDCrow: posts the ante 1000
AAmorAA: posts the ante 1000
CoelhooPKR: posts the ante 1000
deiraisetonuts: posts the ante 1000
LeKmembert: posts the ante 1000
aksvsako: posts the ante 1000
savichkd: posts the ante 1000
CoelhooPKR: posts small blind 4000
deiraisetonuts: posts big blind 8000
*** HOLE CARDS ***
Dealt to deiraisetonuts [7d 9d]
LeKmembert: folds 
aksvsako: folds 
savichkd: folds 
kelkepar: raises 8000 to 16000
StormDCrow: folds 
AAmorAA: raises 68811 to 84811 and is all-in
CoelhooPKR: folds 
deiraisetonuts: folds 
kelkepar: calls 68811
*** FLOP *** [4s Kh 4d]
*** TURN *** [4s Kh 4d] [3s]
*** RIVER *** [4s Kh 4d 3s] [Jc]
*** SHOW DOWN ***
kelkepar: shows [Ts Tc] (two pair, Tens and Fours)
AAmorAA: shows [8c 8s] (two pair, Eights and Fours)
kelkepar collected 189622 from pot
AAmorAA finished the tournament
*** SUMMARY ***
Total pot 189622 | Rake 0 
Board [4s Kh 4d 3s Jc]
Seat 1: kelkepar showed [Ts Tc] and won (189622) with two pair, Tens and Fours
Seat 2: StormDCrow folded before Flop (didn't bet)
Seat 3: AAmorAA (button) showed [8c 8s] and lost with two pair, Eights and Fours
Seat 4: CoelhooPKR (small blind) folded before Flop
Seat 5: deiraisetonuts (big blind) folded before Flop
Seat 6: LeKmembert folded before Flop (didn't bet)
Seat 7: aksvsako folded before Flop (didn't bet)
Seat 8: savichkd folded before Flop (didn't bet)



PokerStars Hand #248819732468: Tournament #3710074716, €27+€3 EUR Hold'em No Limit - Level XVI (4000/8000) - 2024/02/11 13:15:44 BRT [2024/02/11 11:15:44 ET]
Table '3710074716 5' 8-max Seat #4 is the button
Seat 1: kelkepar (275233 in chips) 
Seat 2: StormDCrow (17750 in chips) 
Seat 4: CoelhooPKR (197750 in chips) 
Seat 5: deiraisetonuts (88125 in chips) 
Seat 6: LeKmembert (69903 in chips) 
Seat 7: aksvsako (164375 in chips) 
Seat 8: savichkd (240981 in chips) 
kelkepar: posts the ante 1000
StormDCrow: posts the ante 1000
CoelhooPKR: posts the ante 1000
deiraisetonuts: posts the ante 1000
LeKmembert: posts the ante 1000
aksvsako: posts the ante 1000
savichkd: posts the ante 1000
deiraisetonuts: posts small blind 4000
LeKmembert: posts big blind 8000
*** HOLE CARDS ***
Dealt to deiraisetonuts [Th Tc]
aksvsako: folds 
savichkd: raises 8000 to 16000
kelkepar: folds 
StormDCrow: folds 
CoelhooPKR: folds 
deiraisetonuts: raises 71125 to 87125 and is all-in
LeKmembert: folds 
savichkd: calls 71125
*** FLOP *** [2d 9h Ts]
*** TURN *** [2d 9h Ts] [3c]
*** RIVER *** [2d 9h Ts 3c] [3h]
*** SHOW DOWN ***
deiraisetonuts: shows [Th Tc] (a full house, Tens full of Threes)
savichkd: shows [Jc Kc] (a pair of Threes)
deiraisetonuts collected 189250 from pot
*** SUMMARY ***
Total pot 189250 | Rake 0 
Board [2d 9h Ts 3c 3h]
Seat 1: kelkepar folded before Flop (didn't bet)
Seat 2: StormDCrow folded before Flop (didn't bet)
Seat 4: CoelhooPKR (button) folded before Flop (didn't bet)
Seat 5: deiraisetonuts (small blind) showed [Th Tc] and won (189250) with a full house, Tens full of Threes
Seat 6: LeKmembert (big blind) folded before Flop
Seat 7: aksvsako folded before Flop (didn't bet)
Seat 8: savichkd showed [Jc Kc] and lost with a pair of Threes



PokerStars Hand #248819748095: Tournament #3710074716, €27+€3 EUR Hold'em No Limit - Level XVI (4000/8000) - 2024/02/11 13:16:31 BRT [2024/02/11 11:16:31 ET]
Table '3710074716 5' 8-max Seat #5 is the button
Seat 1: kelkepar (274233 in chips) 
Seat 2: StormDCrow (16750 in chips) 
Seat 4: CoelhooPKR (196750 in chips) 
Seat 5: deiraisetonuts (189250 in chips) 
Seat 6: LeKmembert (60903 in chips) 
Seat 7: aksvsako (163375 in chips) 
Seat 8: savichkd (152856 in chips) 
kelkepar: posts the ante 1000
StormDCrow: posts the ante 1000
CoelhooPKR: posts the ante 1000
deiraisetonuts: posts the ante 1000
LeKmembert: posts the ante 1000
aksvsako: posts the ante 1000
savichkd: posts the ante 1000
LeKmembert: posts small blind 4000
aksvsako: posts big blind 8000
*** HOLE CARDS ***
Dealt to deiraisetonuts [2d Ad]
savichkd: folds 
kelkepar: folds 
StormDCrow: raises 7750 to 15750 and is all-in
CoelhooPKR: folds 
deiraisetonuts: raises 16250 to 32000
LeKmembert: folds 
aksvsako: folds 
Uncalled bet (16250) returned to deiraisetonuts
*** FLOP *** [6h Tc Ah]
*** TURN *** [6h Tc Ah] [5h]
*** RIVER *** [6h Tc Ah 5h] [Kc]
*** SHOW DOWN ***
StormDCrow: shows [9h 9d] (a pair of Nines)
deiraisetonuts: shows [2d Ad] (a pair of Aces)
deiraisetonuts collected 50500 from pot
StormDCrow finished the tournament
marco59400 is disconnected 
*** SUMMARY ***
Total pot 50500 | Rake 0 
Board [6h Tc Ah 5h Kc]
Seat 1: kelkepar folded before Flop (didn't bet)
Seat 2: StormDCrow showed [9h 9d] and lost with a pair of Nines
Seat 4: CoelhooPKR folded before Flop (didn't bet)
Seat 5: deiraisetonuts (button) showed [2d Ad] and won (50500) with a pair of Aces
Seat 6: LeKmembert (small blind) folded before Flop
Seat 7: aksvsako (big blind) folded before Flop
Seat 8: savichkd folded before Flop (didn't bet)



PokerStars Hand #248819762011: Tournament #3710074716, €27+€3 EUR Hold'em No Limit - Level XVI (4000/8000) - 2024/02/11 13:17:13 BRT [2024/02/11 11:17:13 ET]
Table '3710074716 5' 8-max Seat #6 is the button
Seat 1: kelkepar (273233 in chips) 
Seat 2: marco59400 (92623 in chips) 
Seat 4: CoelhooPKR (195750 in chips) 
Seat 5: deiraisetonuts (223000 in chips) 
Seat 6: LeKmembert (55903 in chips) 
Seat 7: aksvsako (154375 in chips) 
Seat 8: savichkd (151856 in chips) 
kelkepar: posts the ante 1000
marco59400: posts the ante 1000
CoelhooPKR: posts the ante 1000
deiraisetonuts: posts the ante 1000
LeKmembert: posts the ante 1000
aksvsako: posts the ante 1000
savichkd: posts the ante 1000
aksvsako: posts small blind 4000
savichkd: posts big blind 8000
*** HOLE CARDS ***
Dealt to deiraisetonuts [5h 6h]
kelkepar: raises 8000 to 16000
marco59400: folds 
CoelhooPKR: folds 
deiraisetonuts: folds 
LeKmembert: folds 
aksvsako: folds 
savichkd: calls 8000
*** FLOP *** [9h Jd 2h]
savichkd: checks 
kelkepar: bets 14190
savichkd: calls 14190
*** TURN *** [9h Jd 2h] [8c]
savichkd: checks 
kelkepar: bets 35690
savichkd: folds 
Uncalled bet (35690) returned to kelkepar
kelkepar collected 71380 from pot
*** SUMMARY ***
Total pot 71380 | Rake 0 
Board [9h Jd 2h 8c]
Seat 1: kelkepar collected (71380)
Seat 2: marco59400 folded before Flop (didn't bet)
Seat 4: CoelhooPKR folded before Flop (didn't bet)
Seat 5: deiraisetonuts folded before Flop (didn't bet)
Seat 6: LeKmembert (button) folded before Flop (didn't bet)
Seat 7: aksvsako (small blind) folded before Flop
Seat 8: savichkd (big blind) folded on the Turn



PokerStars Hand #248819781066: Tournament #3710074716, €27+€3 EUR Hold'em No Limit - Level XVI (4000/8000) - 2024/02/11 13:18:10 BRT [2024/02/11 11:18:10 ET]
Table '3710074716 5' 8-max Seat #7 is the button
Seat 1: kelkepar (313423 in chips) 
Seat 2: marco59400 (91623 in chips) 
Seat 4: CoelhooPKR (194750 in chips) 
Seat 5: deiraisetonuts (222000 in chips) 
Seat 6: LeKmembert (54903 in chips) 
Seat 7: aksvsako (149375 in chips) 
Seat 8: savichkd (120666 in chips) 
kelkepar: posts the ante 1000
marco59400: posts the ante 1000
CoelhooPKR: posts the ante 1000
deiraisetonuts: posts the ante 1000
LeKmembert: posts the ante 1000
aksvsako: posts the ante 1000
savichkd: posts the ante 1000
savichkd: posts small blind 4000
kelkepar: posts big blind 8000
*** HOLE CARDS ***
Dealt to deiraisetonuts [8d Qh]
marco59400: folds 
CoelhooPKR: folds 
deiraisetonuts: folds 
LeKmembert: folds 
aksvsako: raises 8000 to 16000
savichkd: raises 103666 to 119666 and is all-in
kelkepar: folds 
aksvsako: calls 103666
*** FLOP *** [Jd Qd 9s]
*** TURN *** [Jd Qd 9s] [Ad]
*** RIVER *** [Jd Qd 9s Ad] [6h]
*** SHOW DOWN ***
savichkd: shows [Qc Kh] (a pair of Queens)
aksvsako: shows [Th Ac] (a pair of Aces)
aksvsako collected 254332 from pot
savichkd finished the tournament
*** SUMMARY ***
Total pot 254332 | Rake 0 
Board [Jd Qd 9s Ad 6h]
Seat 1: kelkepar (big blind) folded before Flop
Seat 2: marco59400 folded before Flop (didn't bet)
Seat 4: CoelhooPKR folded before Flop (didn't bet)
Seat 5: deiraisetonuts folded before Flop (didn't bet)
Seat 6: LeKmembert folded before Flop (didn't bet)
Seat 7: aksvsako (button) showed [Th Ac] and won (254332) with a pair of Aces
Seat 8: savichkd (small blind) showed [Qc Kh] and lost with a pair of Queens



PokerStars Hand #248819793897: Tournament #3710074716, €27+€3 EUR Hold'em No Limit - Level XVI (4000/8000) - 2024/02/11 13:18:49 BRT [2024/02/11 11:18:49 ET]
Table '3710074716 5' 8-max Seat #1 is the button
Seat 1: kelkepar (304423 in chips) 
Seat 2: marco59400 (90623 in chips) 
Seat 3: tigreton01 (100000 in chips) 
Seat 4: CoelhooPKR (193750 in chips) 
Seat 5: deiraisetonuts (221000 in chips) 
Seat 6: LeKmembert (53903 in chips) 
Seat 7: aksvsako (283041 in chips) 
kelkepar: posts the ante 1000
marco59400: posts the ante 1000
tigreton01: posts the ante 1000
CoelhooPKR: posts the ante 1000
deiraisetonuts: posts the ante 1000
LeKmembert: posts the ante 1000
aksvsako: posts the ante 1000
marco59400: posts small blind 4000
tigreton01: posts big blind 8000
*** HOLE CARDS ***
Dealt to deiraisetonuts [9d 5s]
CoelhooPKR: raises 9600 to 17600
deiraisetonuts: folds 
LeKmembert: folds 
aksvsako: folds 
kelkepar: folds 
marco59400: folds 
tigreton01: calls 9600
*** FLOP *** [5c 6s Kh]
tigreton01: checks 
CoelhooPKR: bets 12000
tigreton01: folds 
Uncalled bet (12000) returned to CoelhooPKR
CoelhooPKR collected 46200 from pot
*** SUMMARY ***
Total pot 46200 | Rake 0 
Board [5c 6s Kh]
Seat 1: kelkepar (button) folded before Flop (didn't bet)
Seat 2: marco59400 (small blind) folded before Flop
Seat 3: tigreton01 (big blind) folded on the Flop
Seat 4: CoelhooPKR collected (46200)
Seat 5: deiraisetonuts folded before Flop (didn't bet)
Seat 6: LeKmembert folded before Flop (didn't bet)
Seat 7: aksvsako folded before Flop (didn't bet)



PokerStars Hand #248819802772: Tournament #3710074716, €27+€3 EUR Hold'em No Limit - Level XVI (4000/8000) - 2024/02/11 13:19:15 BRT [2024/02/11 11:19:15 ET]
Table '3710074716 5' 8-max Seat #2 is the button
Seat 1: kelkepar (303423 in chips) 
Seat 2: marco59400 (85623 in chips) 
Seat 3: tigreton01 (81400 in chips) 
Seat 4: CoelhooPKR (221350 in chips) 
Seat 5: deiraisetonuts (220000 in chips) 
Seat 6: LeKmembert (52903 in chips) 
Seat 7: aksvsako (282041 in chips) 
kelkepar: posts the ante 1000
marco59400: posts the ante 1000
tigreton01: posts the ante 1000
CoelhooPKR: posts the ante 1000
deiraisetonuts: posts the ante 1000
LeKmembert: posts the ante 1000
aksvsako: posts the ante 1000
tigreton01: posts small blind 4000
CoelhooPKR: posts big blind 8000
*** HOLE CARDS ***
Dealt to deiraisetonuts [Qs Td]
deiraisetonuts: folds 
LeKmembert: raises 43903 to 51903 and is all-in
aksvsako: folds 
kelkepar: folds 
marco59400: folds 
tigreton01: folds 
CoelhooPKR: calls 43903
*** FLOP *** [Js 3c Qc]
*** TURN *** [Js 3c Qc] [2s]
*** RIVER *** [Js 3c Qc 2s] [7s]
*** SHOW DOWN ***
CoelhooPKR: shows [Ac 4h] (high card Ace)
LeKmembert: shows [5d As] (high card Ace - Queen+Jack+Seven+Five kicker)
LeKmembert collected 114806 from pot
*** SUMMARY ***
Total pot 114806 | Rake 0 
Board [Js 3c Qc 2s 7s]
Seat 1: kelkepar folded before Flop (didn't bet)
Seat 2: marco59400 (button) folded before Flop (didn't bet)
Seat 3: tigreton01 (small blind) folded before Flop
Seat 4: CoelhooPKR (big blind) showed [Ac 4h] and lost with high card Ace
Seat 5: deiraisetonuts folded before Flop (didn't bet)
Seat 6: LeKmembert showed [5d As] and won (114806) with high card Ace
Seat 7: aksvsako folded before Flop (didn't bet)



PokerStars Hand #248819816362: Tournament #3710074716, €27+€3 EUR Hold'em No Limit - Level XVI (4000/8000) - 2024/02/11 13:19:56 BRT [2024/02/11 11:19:56 ET]
Table '3710074716 5' 8-max Seat #3 is the button
Seat 1: kelkepar (302423 in chips) 
Seat 2: marco59400 (84623 in chips) 
Seat 3: tigreton01 (76400 in chips) 
Seat 4: CoelhooPKR (168447 in chips) 
Seat 5: deiraisetonuts (219000 in chips) 
Seat 6: LeKmembert (114806 in chips) 
Seat 7: aksvsako (281041 in chips) 
kelkepar: posts the ante 1000
marco59400: posts the ante 1000
tigreton01: posts the ante 1000
CoelhooPKR: posts the ante 1000
deiraisetonuts: posts the ante 1000
LeKmembert: posts the ante 1000
aksvsako: posts the ante 1000
CoelhooPKR: posts small blind 4000
deiraisetonuts: posts big blind 8000
*** HOLE CARDS ***
Dealt to deiraisetonuts [7s Td]
LeKmembert: folds 
aksvsako: folds 
mubuf is disconnected 
kelkepar: raises 8000 to 16000
marco59400: folds 
tigreton01: folds 
CoelhooPKR: folds 
deiraisetonuts: calls 8000
*** FLOP *** [6d Kd 4d]
deiraisetonuts: checks 
kelkepar: bets 14190
deiraisetonuts: raises 23555 to 37745
kelkepar: folds 
Uncalled bet (23555) returned to deiraisetonuts
deiraisetonuts collected 71380 from pot
deiraisetonuts: doesn't show hand 
*** SUMMARY ***
Total pot 71380 | Rake 0 
Board [6d Kd 4d]
Seat 1: kelkepar folded on the Flop
Seat 2: marco59400 folded before Flop (didn't bet)
Seat 3: tigreton01 (button) folded before Flop (didn't bet)
Seat 4: CoelhooPKR (small blind) folded before Flop
Seat 5: deiraisetonuts (big blind) collected (71380)
Seat 6: LeKmembert folded before Flop (didn't bet)
Seat 7: aksvsako folded before Flop (didn't bet)



PokerStars Hand #248819845275: Tournament #3710074716, €27+€3 EUR Hold'em No Limit - Level XVII (5000/10000) - 2024/02/11 13:21:23 BRT [2024/02/11 11:21:23 ET]
Table '3710074716 5' 8-max Seat #4 is the button
Seat 1: kelkepar (271233 in chips) 
Seat 2: marco59400 (83623 in chips) 
Seat 3: tigreton01 (75400 in chips) 
Seat 4: CoelhooPKR (163447 in chips) 
Seat 5: deiraisetonuts (259190 in chips) 
Seat 7: aksvsako (280041 in chips) 
Seat 8: mubuf (334907 in chips) 
kelkepar: posts the ante 1250
marco59400: posts the ante 1250
tigreton01: posts the ante 1250
CoelhooPKR: posts the ante 1250
deiraisetonuts: posts the ante 1250
aksvsako: posts the ante 1250
mubuf: posts the ante 1250
deiraisetonuts: posts small blind 5000
aksvsako: posts big blind 10000
*** HOLE CARDS ***
Dealt to deiraisetonuts [9d 2s]
mubuf: folds 
kelkepar: folds 
marco59400: folds 
tigreton01: folds 
CoelhooPKR has timed out
CoelhooPKR: folds 
CoelhooPKR is sitting out
CoelhooPKR has returned
deiraisetonuts: folds 
Uncalled bet (5000) returned to aksvsako
aksvsako collected 18750 from pot
aksvsako: doesn't show hand 
*** SUMMARY ***
Total pot 18750 | Rake 0 
Seat 1: kelkepar folded before Flop (didn't bet)
Seat 2: marco59400 folded before Flop (didn't bet)
Seat 3: tigreton01 folded before Flop (didn't bet)
Seat 4: CoelhooPKR (button) folded before Flop (didn't bet)
Seat 5: deiraisetonuts (small blind) folded before Flop
Seat 7: aksvsako (big blind) collected (18750)
Seat 8: mubuf folded before Flop (didn't bet)



PokerStars Hand #248819862910: Tournament #3710074716, €27+€3 EUR Hold'em No Limit - Level XVII (5000/10000) - 2024/02/11 13:22:16 BRT [2024/02/11 11:22:16 ET]
Table '3710074716 5' 8-max Seat #5 is the button
Seat 1: kelkepar (269983 in chips) 
Seat 2: marco59400 (82373 in chips) 
Seat 3: tigreton01 (74150 in chips) 
Seat 4: CoelhooPKR (162197 in chips) 
Seat 5: deiraisetonuts (252940 in chips) 
Seat 7: aksvsako (292541 in chips) 
Seat 8: mubuf (333657 in chips) 
kelkepar: posts the ante 1250
marco59400: posts the ante 1250
tigreton01: posts the ante 1250
CoelhooPKR: posts the ante 1250
deiraisetonuts: posts the ante 1250
aksvsako: posts the ante 1250
mubuf: posts the ante 1250
aksvsako: posts small blind 5000
mubuf: posts big blind 10000
*** HOLE CARDS ***
Dealt to deiraisetonuts [Ks 9h]
kelkepar: folds 
marco59400: raises 71123 to 81123 and is all-in
tigreton01: folds 
CoelhooPKR: folds 
deiraisetonuts: folds 
aksvsako: folds 
mubuf: folds 
Uncalled bet (71123) returned to marco59400
marco59400 collected 33750 from pot
*** SUMMARY ***
Total pot 33750 | Rake 0 
Seat 1: kelkepar folded before Flop (didn't bet)
Seat 2: marco59400 collected (33750)
Seat 3: tigreton01 folded before Flop (didn't bet)
Seat 4: CoelhooPKR folded before Flop (didn't bet)
Seat 5: deiraisetonuts (button) folded before Flop (didn't bet)
Seat 7: aksvsako (small blind) folded before Flop
Seat 8: mubuf (big blind) folded before Flop



PokerStars Hand #248819876915: Tournament #3710074716, €27+€3 EUR Hold'em No Limit - Level XVII (5000/10000) - 2024/02/11 13:22:58 BRT [2024/02/11 11:22:58 ET]
Table '3710074716 5' 8-max Seat #7 is the button
Seat 1: kelkepar (268733 in chips) 
Seat 2: marco59400 (104873 in chips) 
Seat 3: tigreton01 (72900 in chips) 
Seat 4: CoelhooPKR (160947 in chips) 
Seat 5: deiraisetonuts (251690 in chips) 
Seat 7: aksvsako (286291 in chips) 
Seat 8: mubuf (322407 in chips) 
kelkepar: posts the ante 1250
marco59400: posts the ante 1250
tigreton01: posts the ante 1250
CoelhooPKR: posts the ante 1250
deiraisetonuts: posts the ante 1250
aksvsako: posts the ante 1250
mubuf: posts the ante 1250
mubuf: posts small blind 5000
kelkepar: posts big blind 10000
*** HOLE CARDS ***
Dealt to deiraisetonuts [Jh 9d]
marco59400: folds 
tigreton01: raises 33750 to 43750
CoelhooPKR: folds 
deiraisetonuts: folds 
aksvsako: folds 
mubuf: folds 
kelkepar: raises 66250 to 110000
tigreton01: calls 27900 and is all-in
Uncalled bet (38350) returned to kelkepar
*** FLOP *** [Td Qd 7c]
*** TURN *** [Td Qd 7c] [6s]
*** RIVER *** [Td Qd 7c 6s] [4h]
*** SHOW DOWN ***
kelkepar: shows [Jc Jd] (a pair of Jacks)
tigreton01: shows [8h 8d] (a pair of Eights)
kelkepar collected 157050 from pot
tigreton01 finished the tournament
*** SUMMARY ***
Total pot 157050 | Rake 0 
Board [Td Qd 7c 6s 4h]
Seat 1: kelkepar (big blind) showed [Jc Jd] and won (157050) with a pair of Jacks
Seat 2: marco59400 folded before Flop (didn't bet)
Seat 3: tigreton01 showed [8h 8d] and lost with a pair of Eights
Seat 4: CoelhooPKR folded before Flop (didn't bet)
Seat 5: deiraisetonuts folded before Flop (didn't bet)
Seat 7: aksvsako (button) folded before Flop (didn't bet)
Seat 8: mubuf (small blind) folded before Flop



PokerStars Hand #248819896307: Tournament #3710074716, €27+€3 EUR Hold'em No Limit - Level XVII (5000/10000) - 2024/02/11 13:23:56 BRT [2024/02/11 11:23:56 ET]
Table '3710074716 2' 8-max Seat #8 is the button
Seat 1: I beastHS (421997 in chips) 
Seat 2: BusyD8 (586732 in chips) 
Seat 3: alen jiverage (96250 in chips) 
Seat 4: deiraisetonuts (250440 in chips) 
Seat 5: Rooms0XI (859679 in chips) 
Seat 6: bertovr (98750 in chips) 
Seat 8: fexzera77 (180096 in chips) 
I beastHS: posts the ante 1250
BusyD8: posts the ante 1250
alen jiverage: posts the ante 1250
deiraisetonuts: posts the ante 1250
Rooms0XI: posts the ante 1250
bertovr: posts the ante 1250
fexzera77: posts the ante 1250
I beastHS: posts small blind 5000
BusyD8: posts big blind 10000
*** HOLE CARDS ***
Dealt to deiraisetonuts [Td 4h]
alen jiverage: folds 
deiraisetonuts: folds 
Rooms0XI: raises 12000 to 22000
JuicyDolars is disconnected 
bertovr: raises 75500 to 97500 and is all-in
fexzera77: folds 
I beastHS: raises 323247 to 420747 and is all-in
BusyD8: folds 
Rooms0XI: folds 
Uncalled bet (323247) returned to I beastHS
*** FLOP *** [Kd 6d 2s]
*** TURN *** [Kd 6d 2s] [2h]
*** RIVER *** [Kd 6d 2s 2h] [4s]
*** SHOW DOWN ***
I beastHS: shows [Qd Qc] (two pair, Queens and Deuces)
bertovr: shows [3c 3d] (two pair, Threes and Deuces)
I beastHS collected 235750 from pot
bertovr finished the tournament
*** SUMMARY ***
Total pot 235750 | Rake 0 
Board [Kd 6d 2s 2h 4s]
Seat 1: I beastHS (small blind) showed [Qd Qc] and won (235750) with two pair, Queens and Deuces
Seat 2: BusyD8 (big blind) folded before Flop
Seat 3: alen jiverage folded before Flop (didn't bet)
Seat 4: deiraisetonuts folded before Flop (didn't bet)
Seat 5: Rooms0XI folded before Flop
Seat 6: bertovr showed [3c 3d] and lost with two pair, Threes and Deuces
Seat 8: fexzera77 (button) folded before Flop (didn't bet)



PokerStars Hand #248819913741: Tournament #3710074716, €27+€3 EUR Hold'em No Limit - Level XVII (5000/10000) - 2024/02/11 13:24:50 BRT [2024/02/11 11:24:50 ET]
Table '3710074716 2' 8-max Seat #1 is the button
Seat 1: I beastHS (558997 in chips) 
Seat 2: BusyD8 (575482 in chips) 
Seat 3: alen jiverage (95000 in chips) 
Seat 4: deiraisetonuts (249190 in chips) 
Seat 5: Rooms0XI (836429 in chips) 
Seat 7: JuicyDolars (100000 in chips) 
Seat 8: fexzera77 (178846 in chips) 
I beastHS: posts the ante 1250
BusyD8: posts the ante 1250
alen jiverage: posts the ante 1250
deiraisetonuts: posts the ante 1250
Rooms0XI: posts the ante 1250
JuicyDolars: posts the ante 1250
fexzera77: posts the ante 1250
BusyD8: posts small blind 5000
alen jiverage: posts big blind 10000
*** HOLE CARDS ***
Dealt to deiraisetonuts [3s 2d]
deiraisetonuts: folds 
Rooms0XI: raises 10000 to 20000
JuicyDolars: folds 
fexzera77: folds 
I beastHS: folds 
BusyD8: calls 15000
alen jiverage: calls 10000
*** FLOP *** [Qd 6d 3d]
PRETELLY is disconnected 
BusyD8: checks 
alen jiverage: bets 73750 and is all-in
Rooms0XI: calls 73750
BusyD8: folds 
*** TURN *** [Qd 6d 3d] [8h]
*** RIVER *** [Qd 6d 3d 8h] [Qc]
*** SHOW DOWN ***
alen jiverage: shows [4d 7d] (a flush, Queen high)
Rooms0XI: shows [Jh Qh] (three of a kind, Queens)
alen jiverage collected 216250 from pot
*** SUMMARY ***
Total pot 216250 | Rake 0 
Board [Qd 6d 3d 8h Qc]
Seat 1: I beastHS (button) folded before Flop (didn't bet)
Seat 2: BusyD8 (small blind) folded on the Flop
Seat 3: alen jiverage (big blind) showed [4d 7d] and won (216250) with a flush, Queen high
Seat 4: deiraisetonuts folded before Flop (didn't bet)
Seat 5: Rooms0XI showed [Jh Qh] and lost with three of a kind, Queens
Seat 7: JuicyDolars folded before Flop (didn't bet)
Seat 8: fexzera77 folded before Flop (didn't bet)



PokerStars Hand #248819932264: Tournament #3710074716, €27+€3 EUR Hold'em No Limit - Level XVII (5000/10000) - 2024/02/11 13:25:45 BRT [2024/02/11 11:25:45 ET]
Table '3710074716 2' 8-max Seat #2 is the button
Seat 1: I beastHS (557747 in chips) 
Seat 2: BusyD8 (554232 in chips) 
Seat 3: alen jiverage (216250 in chips) 
Seat 4: deiraisetonuts (247940 in chips) 
Seat 5: Rooms0XI (741429 in chips) 
Seat 6: PRETELLY (100000 in chips) 
Seat 7: JuicyDolars (98750 in chips) 
Seat 8: fexzera77 (177596 in chips) 
I beastHS: posts the ante 1250
BusyD8: posts the ante 1250
alen jiverage: posts the ante 1250
deiraisetonuts: posts the ante 1250
Rooms0XI: posts the ante 1250
PRETELLY: posts the ante 1250
JuicyDolars: posts the ante 1250
fexzera77: posts the ante 1250
alen jiverage: posts small blind 5000
deiraisetonuts: posts big blind 10000
*** HOLE CARDS ***
Dealt to deiraisetonuts [Tc 6s]
Rooms0XI: folds 
PRETELLY: raises 88750 to 98750 and is all-in
JuicyDolars: folds 
fexzera77: folds 
I beastHS: folds 
BusyD8: folds 
alen jiverage: folds 
deiraisetonuts: folds 
Uncalled bet (88750) returned to PRETELLY
PRETELLY collected 35000 from pot
PRETELLY: doesn't show hand 
*** SUMMARY ***
Total pot 35000 | Rake 0 
Seat 1: I beastHS folded before Flop (didn't bet)
Seat 2: BusyD8 (button) folded before Flop (didn't bet)
Seat 3: alen jiverage (small blind) folded before Flop
Seat 4: deiraisetonuts (big blind) folded before Flop
Seat 5: Rooms0XI folded before Flop (didn't bet)
Seat 6: PRETELLY collected (35000)
Seat 7: JuicyDolars folded before Flop (didn't bet)
Seat 8: fexzera77 folded before Flop (didn't bet)



PokerStars Hand #248819941548: Tournament #3710074716, €27+€3 EUR Hold'em No Limit - Level XVII (5000/10000) - 2024/02/11 13:26:14 BRT [2024/02/11 11:26:14 ET]
Table '3710074716 2' 8-max Seat #3 is the button
Seat 1: I beastHS (556497 in chips) 
Seat 2: BusyD8 (552982 in chips) 
Seat 3: alen jiverage (210000 in chips) 
Seat 4: deiraisetonuts (236690 in chips) 
Seat 5: Rooms0XI (740179 in chips) 
Seat 6: PRETELLY (123750 in chips) 
Seat 7: JuicyDolars (97500 in chips) 
Seat 8: fexzera77 (176346 in chips) 
I beastHS: posts the ante 1250
BusyD8: posts the ante 1250
alen jiverage: posts the ante 1250
deiraisetonuts: posts the ante 1250
Rooms0XI: posts the ante 1250
PRETELLY: posts the ante 1250
JuicyDolars: posts the ante 1250
fexzera77: posts the ante 1250
deiraisetonuts: posts small blind 5000
Rooms0XI: posts big blind 10000
*** HOLE CARDS ***
Dealt to deiraisetonuts [6h 8c]
PRETELLY: folds 
JuicyDolars: folds 
fexzera77: folds 
I beastHS: folds 
BusyD8: folds 
alen jiverage: folds 
deiraisetonuts: calls 5000
Rooms0XI: checks 
*** FLOP *** [4c 5s Kd]
deiraisetonuts: bets 10000
Rooms0XI: calls 10000
*** TURN *** [4c 5s Kd] [7h]
deiraisetonuts: bets 33000
Rooms0XI: calls 33000
*** RIVER *** [4c 5s Kd 7h] [Th]
deiraisetonuts: bets 182440 and is all-in
Rooms0XI: calls 182440
*** SHOW DOWN ***
deiraisetonuts: shows [6h 8c] (a straight, Four to Eight)
Rooms0XI: shows [4h Kc] (two pair, Kings and Fours)
deiraisetonuts collected 480880 from pot
*** SUMMARY ***
Total pot 480880 | Rake 0 
Board [4c 5s Kd 7h Th]
Seat 1: I beastHS folded before Flop (didn't bet)
Seat 2: BusyD8 folded before Flop (didn't bet)
Seat 3: alen jiverage (button) folded before Flop (didn't bet)
Seat 4: deiraisetonuts (small blind) showed [6h 8c] and won (480880) with a straight, Four to Eight
Seat 5: Rooms0XI (big blind) showed [4h Kc] and lost with two pair, Kings and Fours
Seat 6: PRETELLY folded before Flop (didn't bet)
Seat 7: JuicyDolars folded before Flop (didn't bet)
Seat 8: fexzera77 folded before Flop (didn't bet)



PokerStars Hand #248819982846: Tournament #3710074716, €27+€3 EUR Hold'em No Limit - Level XVII (5000/10000) - 2024/02/11 13:28:19 BRT [2024/02/11 11:28:19 ET]
Table '3710074716 2' 8-max Seat #4 is the button
Seat 1: I beastHS (555247 in chips) 
Seat 2: BusyD8 (551732 in chips) 
Seat 3: alen jiverage (208750 in chips) 
Seat 4: deiraisetonuts (480880 in chips) 
Seat 5: Rooms0XI (503489 in chips) 
Seat 6: PRETELLY (122500 in chips) 
Seat 7: JuicyDolars (96250 in chips) 
Seat 8: fexzera77 (175096 in chips) 
I beastHS: posts the ante 1250
BusyD8: posts the ante 1250
alen jiverage: posts the ante 1250
deiraisetonuts: posts the ante 1250
Rooms0XI: posts the ante 1250
PRETELLY: posts the ante 1250
JuicyDolars: posts the ante 1250
fexzera77: posts the ante 1250
Rooms0XI: posts small blind 5000
PRETELLY: posts big blind 10000
*** HOLE CARDS ***
Dealt to deiraisetonuts [3d 3c]
JuicyDolars: folds 
fexzera77: folds 
I beastHS: folds 
BusyD8: folds 
alen jiverage: folds 
deiraisetonuts: raises 11000 to 21000
Rooms0XI: folds 
PRETELLY: calls 11000
*** FLOP *** [7c 2c As]
PRETELLY: checks 
deiraisetonuts: bets 10000
PRETELLY: calls 10000
*** TURN *** [7c 2c As] [Kh]
PRETELLY: checks 
deiraisetonuts: checks 
*** RIVER *** [7c 2c As Kh] [8h]
PRETELLY: bets 48800
deiraisetonuts: folds 
Uncalled bet (48800) returned to PRETELLY
PRETELLY collected 77000 from pot
PRETELLY: doesn't show hand 
*** SUMMARY ***
Total pot 77000 | Rake 0 
Board [7c 2c As Kh 8h]
Seat 1: I beastHS folded before Flop (didn't bet)
Seat 2: BusyD8 folded before Flop (didn't bet)
Seat 3: alen jiverage folded before Flop (didn't bet)
Seat 4: deiraisetonuts (button) folded on the River
Seat 5: Rooms0XI (small blind) folded before Flop
Seat 6: PRETELLY (big blind) collected (77000)
Seat 7: JuicyDolars folded before Flop (didn't bet)
Seat 8: fexzera77 folded before Flop (didn't bet)



PokerStars Hand #248820029519: Tournament #3710074716, €27+€3 EUR Hold'em No Limit - Level XVIII (6000/12000) - 2024/02/11 13:30:39 BRT [2024/02/11 11:30:39 ET]
Table '3710074716 2' 8-max Seat #5 is the button
Seat 1: I beastHS (553997 in chips) 
Seat 2: BusyD8 (550482 in chips) 
Seat 3: alen jiverage (207500 in chips) 
Seat 4: deiraisetonuts (448630 in chips) 
Seat 5: Rooms0XI (497239 in chips) 
Seat 6: PRETELLY (167250 in chips) 
Seat 7: JuicyDolars (95000 in chips) 
Seat 8: fexzera77 (173846 in chips) 
I beastHS: posts the ante 1500
BusyD8: posts the ante 1500
alen jiverage: posts the ante 1500
deiraisetonuts: posts the ante 1500
Rooms0XI: posts the ante 1500
PRETELLY: posts the ante 1500
JuicyDolars: posts the ante 1500
fexzera77: posts the ante 1500
PRETELLY: posts small blind 6000
JuicyDolars: posts big blind 12000
*** HOLE CARDS ***
Dealt to deiraisetonuts [Qc 3s]
fexzera77: folds 
I beastHS: folds 
BusyD8: folds 
alen jiverage: calls 12000
deiraisetonuts: folds 
Rooms0XI: folds 
PRETELLY: calls 6000
JuicyDolars: checks 
*** FLOP *** [Tc 8s Td]
PRETELLY: checks 
JuicyDolars: checks 
alen jiverage: bets 12000
PRETELLY: folds 
JuicyDolars: folds 
Uncalled bet (12000) returned to alen jiverage
alen jiverage collected 48000 from pot
alen jiverage: doesn't show hand 
*** SUMMARY ***
Total pot 48000 | Rake 0 
Board [Tc 8s Td]
Seat 1: I beastHS folded before Flop (didn't bet)
Seat 2: BusyD8 folded before Flop (didn't bet)
Seat 3: alen jiverage collected (48000)
Seat 4: deiraisetonuts folded before Flop (didn't bet)
Seat 5: Rooms0XI (button) folded before Flop (didn't bet)
Seat 6: PRETELLY (small blind) folded on the Flop
Seat 7: JuicyDolars (big blind) folded on the Flop
Seat 8: fexzera77 folded before Flop (didn't bet)



PokerStars Hand #248820049060: Tournament #3710074716, €27+€3 EUR Hold'em No Limit - Level XVIII (6000/12000) - 2024/02/11 13:31:38 BRT [2024/02/11 11:31:38 ET]
Table '3710074716 2' 8-max Seat #6 is the button
Seat 1: I beastHS (552497 in chips) 
Seat 2: BusyD8 (548982 in chips) 
Seat 3: alen jiverage (242000 in chips) 
Seat 4: deiraisetonuts (447130 in chips) 
Seat 5: Rooms0XI (495739 in chips) 
Seat 6: PRETELLY (153750 in chips) 
Seat 7: JuicyDolars (81500 in chips) 
Seat 8: fexzera77 (172346 in chips) 
I beastHS: posts the ante 1500
BusyD8: posts the ante 1500
alen jiverage: posts the ante 1500
deiraisetonuts: posts the ante 1500
Rooms0XI: posts the ante 1500
PRETELLY: posts the ante 1500
JuicyDolars: posts the ante 1500
fexzera77: posts the ante 1500
JuicyDolars: posts small blind 6000
fexzera77: posts big blind 12000
*** HOLE CARDS ***
Dealt to deiraisetonuts [6s 7h]
I beastHS: folds 
BusyD8: folds 
alen jiverage: folds 
deiraisetonuts: folds 
Rooms0XI: raises 16800 to 28800
PRETELLY: folds 
JuicyDolars: raises 51200 to 80000 and is all-in
fexzera77: raises 90846 to 170846 and is all-in
Rooms0XI: folds 
Uncalled bet (90846) returned to fexzera77
*** FLOP *** [7s 4s 5d]
*** TURN *** [7s 4s 5d] [8c]
*** RIVER *** [7s 4s 5d 8c] [Td]
*** SHOW DOWN ***
JuicyDolars: shows [Ah 9c] (high card Ace)
fexzera77: shows [3h 3d] (a pair of Threes)
fexzera77 collected 200800 from pot
JuicyDolars finished the tournament in 96th place
*** SUMMARY ***
Total pot 200800 | Rake 0 
Board [7s 4s 5d 8c Td]
Seat 1: I beastHS folded before Flop (didn't bet)
Seat 2: BusyD8 folded before Flop (didn't bet)
Seat 3: alen jiverage folded before Flop (didn't bet)
Seat 4: deiraisetonuts folded before Flop (didn't bet)
Seat 5: Rooms0XI folded before Flop
Seat 6: PRETELLY (button) folded before Flop (didn't bet)
Seat 7: JuicyDolars (small blind) showed [Ah 9c] and lost with high card Ace
Seat 8: fexzera77 (big blind) showed [3h 3d] and won (200800) with a pair of Threes



PokerStars Hand #248820069476: Tournament #3710074716, €27+€3 EUR Hold'em No Limit - Level XVIII (6000/12000) - 2024/02/11 13:32:39 BRT [2024/02/11 11:32:39 ET]
Table '3710074716 2' 8-max Seat #8 is the button
Seat 1: I beastHS (550997 in chips) 
Seat 2: BusyD8 (547482 in chips) 
Seat 3: alen jiverage (240500 in chips) 
Seat 4: deiraisetonuts (445630 in chips) 
Seat 5: Rooms0XI (465439 in chips) 
Seat 6: PRETELLY (152250 in chips) 
Seat 8: fexzera77 (291646 in chips) 
I beastHS: posts the ante 1500
BusyD8: posts the ante 1500
alen jiverage: posts the ante 1500
deiraisetonuts: posts the ante 1500
Rooms0XI: posts the ante 1500
PRETELLY: posts the ante 1500
fexzera77: posts the ante 1500
I beastHS: posts small blind 6000
BusyD8: posts big blind 12000
*** HOLE CARDS ***
Dealt to deiraisetonuts [9c 3h]
alen jiverage: folds 
deiraisetonuts: folds 
Rooms0XI: folds 
PRETELLY: folds 
fexzera77: raises 12000 to 24000
I beastHS: calls 18000
BusyD8: calls 12000
*** FLOP *** [4h Kd 9h]
I beastHS: checks 
BusyD8: checks 
fexzera77: checks 
*** TURN *** [4h Kd 9h] [4s]
I beastHS: checks 
BusyD8: checks 
fexzera77: checks 
*** RIVER *** [4h Kd 9h 4s] [As]
I beastHS: bets 30000
BusyD8: folds 
fexzera77: folds 
Uncalled bet (30000) returned to I beastHS
I beastHS collected 82500 from pot
I beastHS: doesn't show hand 
*** SUMMARY ***
Total pot 82500 | Rake 0 
Board [4h Kd 9h 4s As]
Seat 1: I beastHS (small blind) collected (82500)
Seat 2: BusyD8 (big blind) folded on the River
Seat 3: alen jiverage folded before Flop (didn't bet)
Seat 4: deiraisetonuts folded before Flop (didn't bet)
Seat 5: Rooms0XI folded before Flop (didn't bet)
Seat 6: PRETELLY folded before Flop (didn't bet)
Seat 8: fexzera77 (button) folded on the River



PokerStars Hand #248820104292: Tournament #3710074716, €27+€3 EUR Hold'em No Limit - Level XVIII (6000/12000) - 2024/02/11 13:34:23 BRT [2024/02/11 11:34:23 ET]
Table '3710074716 2' 8-max Seat #1 is the button
Seat 1: I beastHS (607997 in chips) 
Seat 2: BusyD8 (521982 in chips) 
Seat 3: alen jiverage (239000 in chips) 
Seat 4: deiraisetonuts (444130 in chips) 
Seat 5: Rooms0XI (463939 in chips) 
Seat 6: PRETELLY (150750 in chips) 
Seat 8: fexzera77 (266146 in chips) 
I beastHS: posts the ante 1500
BusyD8: posts the ante 1500
alen jiverage: posts the ante 1500
deiraisetonuts: posts the ante 1500
Rooms0XI: posts the ante 1500
PRETELLY: posts the ante 1500
fexzera77: posts the ante 1500
BusyD8: posts small blind 6000
alen jiverage: posts big blind 12000
*** HOLE CARDS ***
Dealt to deiraisetonuts [6c Qc]
deiraisetonuts: folds 
Rooms0XI: folds 
PRETELLY: folds 
fexzera77: raises 14400 to 26400
I beastHS: folds 
BusyD8: folds 
alen jiverage: calls 14400
*** FLOP *** [7c 3c Jd]
alen jiverage: checks 
fexzera77: bets 13860
alen jiverage: calls 13860
*** TURN *** [7c 3c Jd] [8h]
kapoosta_dragon is disconnected 
alen jiverage: checks 
fexzera77: bets 48000
alen jiverage: folds 
Uncalled bet (48000) returned to fexzera77
fexzera77 collected 97020 from pot
fexzera77: doesn't show hand 
*** SUMMARY ***
Total pot 97020 | Rake 0 
Board [7c 3c Jd 8h]
Seat 1: I beastHS (button) folded before Flop (didn't bet)
Seat 2: BusyD8 (small blind) folded before Flop
Seat 3: alen jiverage (big blind) folded on the Turn
Seat 4: deiraisetonuts folded before Flop (didn't bet)
Seat 5: Rooms0XI folded before Flop (didn't bet)
Seat 6: PRETELLY folded before Flop (didn't bet)
Seat 8: fexzera77 collected (97020)



PokerStars Hand #248820135703: Tournament #3710074716, €27+€3 EUR Hold'em No Limit - Level XVIII (6000/12000) - 2024/02/11 13:35:56 BRT [2024/02/11 11:35:56 ET]
Table '3710074716 2' 8-max Seat #2 is the button
Seat 1: I beastHS (606497 in chips) 
Seat 2: BusyD8 (514482 in chips) 
Seat 3: alen jiverage (197240 in chips) 
Seat 4: deiraisetonuts (442630 in chips) 
Seat 5: Rooms0XI (462439 in chips) 
Seat 6: PRETELLY (149250 in chips) 
Seat 7: kapoosta_dragon (190250 in chips) 
Seat 8: fexzera77 (321406 in chips) 
I beastHS: posts the ante 1500
BusyD8: posts the ante 1500
alen jiverage: posts the ante 1500
deiraisetonuts: posts the ante 1500
Rooms0XI: posts the ante 1500
PRETELLY: posts the ante 1500
kapoosta_dragon: posts the ante 1500
fexzera77: posts the ante 1500
alen jiverage: posts small blind 6000
deiraisetonuts: posts big blind 12000
*** HOLE CARDS ***
Dealt to deiraisetonuts [9s 3d]
Rooms0XI: raises 14400 to 26400
PRETELLY: folds 
kapoosta_dragon: folds 
fexzera77: folds 
I beastHS: raises 39600 to 66000
BusyD8: folds 
alen jiverage: folds 
deiraisetonuts: folds 
Rooms0XI: folds 
Uncalled bet (39600) returned to I beastHS
I beastHS collected 82800 from pot
I beastHS: doesn't show hand 
*** SUMMARY ***
Total pot 82800 | Rake 0 
Seat 1: I beastHS collected (82800)
Seat 2: BusyD8 (button) folded before Flop (didn't bet)
Seat 3: alen jiverage (small blind) folded before Flop
Seat 4: deiraisetonuts (big blind) folded before Flop
Seat 5: Rooms0XI folded before Flop
Seat 6: PRETELLY folded before Flop (didn't bet)
Seat 7: kapoosta_dragon folded before Flop (didn't bet)
Seat 8: fexzera77 folded before Flop (didn't bet)



PokerStars Hand #248820146050: Tournament #3710074716, €27+€3 EUR Hold'em No Limit - Level XVIII (6000/12000) - 2024/02/11 13:36:28 BRT [2024/02/11 11:36:28 ET]
Table '3710074716 2' 8-max Seat #3 is the button
Seat 1: I beastHS (661397 in chips) 
Seat 2: BusyD8 (512982 in chips) 
Seat 3: alen jiverage (189740 in chips) 
Seat 4: deiraisetonuts (429130 in chips) 
Seat 5: Rooms0XI (434539 in chips) 
Seat 6: PRETELLY (147750 in chips) 
Seat 7: kapoosta_dragon (188750 in chips) 
Seat 8: fexzera77 (319906 in chips) 
I beastHS: posts the ante 1500
BusyD8: posts the ante 1500
alen jiverage: posts the ante 1500
deiraisetonuts: posts the ante 1500
Rooms0XI: posts the ante 1500
PRETELLY: posts the ante 1500
kapoosta_dragon: posts the ante 1500
fexzera77: posts the ante 1500
deiraisetonuts: posts small blind 6000
Rooms0XI: posts big blind 12000
*** HOLE CARDS ***
Dealt to deiraisetonuts [Jc 8s]
PRETELLY: folds 
kapoosta_dragon: folds 
fexzera77: folds 
I beastHS: folds 
BusyD8: folds 
alen jiverage: folds 
deiraisetonuts: raises 30000 to 42000
Rooms0XI: calls 30000
*** FLOP *** [7s Kd 6h]
deiraisetonuts: bets 19200
Rooms0XI: calls 19200
*** TURN *** [7s Kd 6h] [8d]
deiraisetonuts: checks 
Rooms0XI: bets 88704
deiraisetonuts: folds 
Uncalled bet (88704) returned to Rooms0XI
Rooms0XI collected 134400 from pot
Rooms0XI: shows [5h]
*** SUMMARY ***
Total pot 134400 | Rake 0 
Board [7s Kd 6h 8d]
Seat 1: I beastHS folded before Flop (didn't bet)
Seat 2: BusyD8 folded before Flop (didn't bet)
Seat 3: alen jiverage (button) folded before Flop (didn't bet)
Seat 4: deiraisetonuts (small blind) folded on the Turn
Seat 5: Rooms0XI (big blind) collected (134400)
Seat 6: PRETELLY folded before Flop (didn't bet)
Seat 7: kapoosta_dragon folded before Flop (didn't bet)
Seat 8: fexzera77 folded before Flop (didn't bet)



PokerStars Hand #248820183283: Tournament #3710074716, €27+€3 EUR Hold'em No Limit - Level XIX (7000/14000) - 2024/02/11 13:38:19 BRT [2024/02/11 11:38:19 ET]
Table '3710074716 2' 8-max Seat #4 is the button
Seat 1: I beastHS (659897 in chips) 
Seat 2: BusyD8 (511482 in chips) 
Seat 3: alen jiverage (188240 in chips) 
Seat 4: deiraisetonuts (366430 in chips) 
Seat 5: Rooms0XI (506239 in chips) 
Seat 6: PRETELLY (146250 in chips) 
Seat 7: kapoosta_dragon (187250 in chips) 
Seat 8: fexzera77 (318406 in chips) 
I beastHS: posts the ante 1750
BusyD8: posts the ante 1750
alen jiverage: posts the ante 1750
deiraisetonuts: posts the ante 1750
Rooms0XI: posts the ante 1750
PRETELLY: posts the ante 1750
kapoosta_dragon: posts the ante 1750
fexzera77: posts the ante 1750
Rooms0XI: posts small blind 7000
PRETELLY: posts big blind 14000
*** HOLE CARDS ***
Dealt to deiraisetonuts [8h 6d]
kapoosta_dragon: folds 
fexzera77: folds 
I beastHS: folds 
BusyD8: folds 
alen jiverage: calls 14000
deiraisetonuts: folds 
Rooms0XI: calls 7000
PRETELLY: checks 
*** FLOP *** [Ts 2h 7s]
Rooms0XI: checks 
PRETELLY: checks 
alen jiverage: checks 
*** TURN *** [Ts 2h 7s] [Kc]
Rooms0XI: checks 
PRETELLY: checks 
alen jiverage: bets 28000
Rooms0XI: folds 
PRETELLY: folds 
Uncalled bet (28000) returned to alen jiverage
alen jiverage collected 56000 from pot
alen jiverage: doesn't show hand 
*** SUMMARY ***
Total pot 56000 | Rake 0 
Board [Ts 2h 7s Kc]
Seat 1: I beastHS folded before Flop (didn't bet)
Seat 2: BusyD8 folded before Flop (didn't bet)
Seat 3: alen jiverage collected (56000)
Seat 4: deiraisetonuts (button) folded before Flop (didn't bet)
Seat 5: Rooms0XI (small blind) folded on the Turn
Seat 6: PRETELLY (big blind) folded on the Turn
Seat 7: kapoosta_dragon folded before Flop (didn't bet)
Seat 8: fexzera77 folded before Flop (didn't bet)



PokerStars Hand #248820214574: Tournament #3710074716, €27+€3 EUR Hold'em No Limit - Level XIX (7000/14000) - 2024/02/11 13:39:52 BRT [2024/02/11 11:39:52 ET]
Table '3710074716 2' 8-max Seat #5 is the button
Seat 1: I beastHS (658147 in chips) 
Seat 2: BusyD8 (509732 in chips) 
Seat 3: alen jiverage (228490 in chips) 
Seat 4: deiraisetonuts (364680 in chips) 
Seat 5: Rooms0XI (490489 in chips) 
Seat 6: PRETELLY (130500 in chips) 
Seat 7: kapoosta_dragon (185500 in chips) 
Seat 8: fexzera77 (316656 in chips) 
I beastHS: posts the ante 1750
BusyD8: posts the ante 1750
alen jiverage: posts the ante 1750
deiraisetonuts: posts the ante 1750
Rooms0XI: posts the ante 1750
PRETELLY: posts the ante 1750
kapoosta_dragon: posts the ante 1750
fexzera77: posts the ante 1750
PRETELLY: posts small blind 7000
kapoosta_dragon: posts big blind 14000
*** HOLE CARDS ***
Dealt to deiraisetonuts [2d 2c]
fexzera77: raises 16800 to 30800
I beastHS: folds 
BusyD8: folds 
alen jiverage: calls 30800
deiraisetonuts: folds 
Rooms0XI: folds 
PRETELLY: folds 
kapoosta_dragon: folds 
*** FLOP *** [4h 8h 3s]
fexzera77: checks 
alen jiverage: checks 
*** TURN *** [4h 8h 3s] [5c]
fexzera77: bets 56000
alen jiverage: folds 
Uncalled bet (56000) returned to fexzera77
fexzera77 collected 96600 from pot
fexzera77: doesn't show hand 
*** SUMMARY ***
Total pot 96600 | Rake 0 
Board [4h 8h 3s 5c]
Seat 1: I beastHS folded before Flop (didn't bet)
Seat 2: BusyD8 folded before Flop (didn't bet)
Seat 3: alen jiverage folded on the Turn
Seat 4: deiraisetonuts folded before Flop (didn't bet)
Seat 5: Rooms0XI (button) folded before Flop (didn't bet)
Seat 6: PRETELLY (small blind) folded before Flop
Seat 7: kapoosta_dragon (big blind) folded before Flop
Seat 8: fexzera77 collected (96600)



PokerStars Hand #248820237909: Tournament #3710074716, €27+€3 EUR Hold'em No Limit - Level XIX (7000/14000) - 2024/02/11 13:41:02 BRT [2024/02/11 11:41:02 ET]
Table '3710074716 2' 8-max Seat #6 is the button
Seat 1: I beastHS (656397 in chips) 
Seat 2: BusyD8 (507982 in chips) 
Seat 3: alen jiverage (195940 in chips) 
Seat 4: deiraisetonuts (362930 in chips) 
Seat 5: Rooms0XI (488739 in chips) 
Seat 6: PRETELLY (121750 in chips) 
Seat 7: kapoosta_dragon (169750 in chips) 
Seat 8: fexzera77 (380706 in chips) 
I beastHS: posts the ante 1750
BusyD8: posts the ante 1750
alen jiverage: posts the ante 1750
deiraisetonuts: posts the ante 1750
Rooms0XI: posts the ante 1750
PRETELLY: posts the ante 1750
kapoosta_dragon: posts the ante 1750
fexzera77: posts the ante 1750
kapoosta_dragon: posts small blind 7000
fexzera77: posts big blind 14000
*** HOLE CARDS ***
Dealt to deiraisetonuts [Ac 4d]
I beastHS: folds 
BusyD8: folds 
alen jiverage: folds 
deiraisetonuts: folds 
Rooms0XI: folds 
PRETELLY: folds 
kapoosta_dragon: raises 154000 to 168000 and is all-in
fexzera77: folds 
Uncalled bet (154000) returned to kapoosta_dragon
kapoosta_dragon collected 42000 from pot
kapoosta_dragon: doesn't show hand 
*** SUMMARY ***
Total pot 42000 | Rake 0 
Seat 1: I beastHS folded before Flop (didn't bet)
Seat 2: BusyD8 folded before Flop (didn't bet)
Seat 3: alen jiverage folded before Flop (didn't bet)
Seat 4: deiraisetonuts folded before Flop (didn't bet)
Seat 5: Rooms0XI folded before Flop (didn't bet)
Seat 6: PRETELLY (button) folded before Flop (didn't bet)
Seat 7: kapoosta_dragon (small blind) collected (42000)
Seat 8: fexzera77 (big blind) folded before Flop



PokerStars Hand #248820249011: Tournament #3710074716, €27+€3 EUR Hold'em No Limit - Level XIX (7000/14000) - 2024/02/11 13:41:35 BRT [2024/02/11 11:41:35 ET]
Table '3710074716 2' 8-max Seat #7 is the button
Seat 1: I beastHS (654647 in chips) 
Seat 2: BusyD8 (506232 in chips) 
Seat 3: alen jiverage (194190 in chips) 
Seat 4: deiraisetonuts (361180 in chips) 
Seat 5: Rooms0XI (486989 in chips) 
Seat 6: PRETELLY (120000 in chips) 
Seat 7: kapoosta_dragon (196000 in chips) 
Seat 8: fexzera77 (364956 in chips) 
I beastHS: posts the ante 1750
BusyD8: posts the ante 1750
alen jiverage: posts the ante 1750
deiraisetonuts: posts the ante 1750
Rooms0XI: posts the ante 1750
PRETELLY: posts the ante 1750
kapoosta_dragon: posts the ante 1750
fexzera77: posts the ante 1750
fexzera77: posts small blind 7000
I beastHS: posts big blind 14000
*** HOLE CARDS ***
Dealt to deiraisetonuts [6s 5d]
BusyD8: folds 
alen jiverage: folds 
deiraisetonuts: folds 
Rooms0XI: folds 
PRETELLY: folds 
kapoosta_dragon: folds 
fexzera77: raises 25200 to 39200
I beastHS: folds 
Uncalled bet (25200) returned to fexzera77
fexzera77 collected 42000 from pot
fexzera77: doesn't show hand 
*** SUMMARY ***
Total pot 42000 | Rake 0 
Seat 1: I beastHS (big blind) folded before Flop
Seat 2: BusyD8 folded before Flop (didn't bet)
Seat 3: alen jiverage folded before Flop (didn't bet)
Seat 4: deiraisetonuts folded before Flop (didn't bet)
Seat 5: Rooms0XI folded before Flop (didn't bet)
Seat 6: PRETELLY folded before Flop (didn't bet)
Seat 7: kapoosta_dragon (button) folded before Flop (didn't bet)
Seat 8: fexzera77 (small blind) collected (42000)



PokerStars Hand #248820261288: Tournament #3710074716, €27+€3 EUR Hold'em No Limit - Level XIX (7000/14000) - 2024/02/11 13:42:12 BRT [2024/02/11 11:42:12 ET]
Table '3710074716 2' 8-max Seat #8 is the button
Seat 1: I beastHS (638897 in chips) 
Seat 2: BusyD8 (504482 in chips) 
Seat 3: alen jiverage (192440 in chips) 
Seat 4: deiraisetonuts (359430 in chips) 
Seat 5: Rooms0XI (485239 in chips) 
Seat 6: PRETELLY (118250 in chips) 
Seat 7: kapoosta_dragon (194250 in chips) 
Seat 8: fexzera77 (391206 in chips) 
I beastHS: posts the ante 1750
BusyD8: posts the ante 1750
alen jiverage: posts the ante 1750
deiraisetonuts: posts the ante 1750
Rooms0XI: posts the ante 1750
PRETELLY: posts the ante 1750
kapoosta_dragon: posts the ante 1750
fexzera77: posts the ante 1750
I beastHS: posts small blind 7000
BusyD8: posts big blind 14000
*** HOLE CARDS ***
Dealt to deiraisetonuts [Ad Ks]
alen jiverage: raises 28000 to 42000
deiraisetonuts: raises 56000 to 98000
Rooms0XI: folds 
PRETELLY: folds 
kapoosta_dragon: folds 
fexzera77: folds 
I beastHS has timed out
I beastHS: folds 
I beastHS is sitting out
BusyD8: folds 
I beastHS has returned
alen jiverage: folds 
Uncalled bet (56000) returned to deiraisetonuts
deiraisetonuts collected 119000 from pot
deiraisetonuts: doesn't show hand 
*** SUMMARY ***
Total pot 119000 | Rake 0 
Seat 1: I beastHS (small blind) folded before Flop
Seat 2: BusyD8 (big blind) folded before Flop
Seat 3: alen jiverage folded before Flop
Seat 4: deiraisetonuts collected (119000)
Seat 5: Rooms0XI folded before Flop (didn't bet)
Seat 6: PRETELLY folded before Flop (didn't bet)
Seat 7: kapoosta_dragon folded before Flop (didn't bet)
Seat 8: fexzera77 (button) folded before Flop (didn't bet)



PokerStars Hand #248820281178: Tournament #3710074716, €27+€3 EUR Hold'em No Limit - Level XIX (7000/14000) - 2024/02/11 13:43:12 BRT [2024/02/11 11:43:12 ET]
Table '3710074716 2' 8-max Seat #1 is the button
Seat 1: I beastHS (630147 in chips) 
Seat 2: BusyD8 (488732 in chips) 
Seat 3: alen jiverage (148690 in chips) 
Seat 4: deiraisetonuts (434680 in chips) 
Seat 5: Rooms0XI (483489 in chips) 
Seat 6: PRETELLY (116500 in chips) 
Seat 7: kapoosta_dragon (192500 in chips) 
Seat 8: fexzera77 (389456 in chips) 
I beastHS: posts the ante 1750
BusyD8: posts the ante 1750
alen jiverage: posts the ante 1750
deiraisetonuts: posts the ante 1750
Rooms0XI: posts the ante 1750
PRETELLY: posts the ante 1750
kapoosta_dragon: posts the ante 1750
fexzera77: posts the ante 1750
BusyD8: posts small blind 7000
alen jiverage: posts big blind 14000
*** HOLE CARDS ***
Dealt to deiraisetonuts [Td 5s]
deiraisetonuts: folds 
Rooms0XI: folds 
PRETELLY: folds 
kapoosta_dragon: folds 
fexzera77: folds 
I beastHS: raises 15400 to 29400
BusyD8: raises 71400 to 100800
alen jiverage: folds 
I beastHS: folds 
Uncalled bet (71400) returned to BusyD8
BusyD8 collected 86800 from pot
BusyD8: doesn't show hand 
*** SUMMARY ***
Total pot 86800 | Rake 0 
Seat 1: I beastHS (button) folded before Flop
Seat 2: BusyD8 (small blind) collected (86800)
Seat 3: alen jiverage (big blind) folded before Flop
Seat 4: deiraisetonuts folded before Flop (didn't bet)
Seat 5: Rooms0XI folded before Flop (didn't bet)
Seat 6: PRETELLY folded before Flop (didn't bet)
Seat 7: kapoosta_dragon folded before Flop (didn't bet)
Seat 8: fexzera77 folded before Flop (didn't bet)



PokerStars Hand #248820296650: Tournament #3710074716, €27+€3 EUR Hold'em No Limit - Level XIX (7000/14000) - 2024/02/11 13:43:58 BRT [2024/02/11 11:43:58 ET]
Table '3710074716 2' 8-max Seat #2 is the button
Seat 1: I beastHS (598997 in chips) 
Seat 2: BusyD8 (544382 in chips) 
Seat 3: alen jiverage (132940 in chips) 
Seat 4: deiraisetonuts (432930 in chips) 
Seat 5: Rooms0XI (481739 in chips) 
Seat 6: PRETELLY (114750 in chips) 
Seat 7: kapoosta_dragon (190750 in chips) 
Seat 8: fexzera77 (387706 in chips) 
I beastHS: posts the ante 1750
BusyD8: posts the ante 1750
alen jiverage: posts the ante 1750
deiraisetonuts: posts the ante 1750
Rooms0XI: posts the ante 1750
PRETELLY: posts the ante 1750
kapoosta_dragon: posts the ante 1750
fexzera77: posts the ante 1750
alen jiverage: posts small blind 7000
deiraisetonuts: posts big blind 14000
*** HOLE CARDS ***
Dealt to deiraisetonuts [4s 7h]
Rooms0XI: folds 
PRETELLY: raises 99000 to 113000 and is all-in
kapoosta_dragon: folds 
fexzera77: folds 
I beastHS: folds 
BusyD8: folds 
alen jiverage: folds 
deiraisetonuts: folds 
Uncalled bet (99000) returned to PRETELLY
PRETELLY collected 49000 from pot
PRETELLY: doesn't show hand 
*** SUMMARY ***
Total pot 49000 | Rake 0 
Seat 1: I beastHS folded before Flop (didn't bet)
Seat 2: BusyD8 (button) folded before Flop (didn't bet)
Seat 3: alen jiverage (small blind) folded before Flop
Seat 4: deiraisetonuts (big blind) folded before Flop
Seat 5: Rooms0XI folded before Flop (didn't bet)
Seat 6: PRETELLY collected (49000)
Seat 7: kapoosta_dragon folded before Flop (didn't bet)
Seat 8: fexzera77 folded before Flop (didn't bet)



PokerStars Hand #248820307161: Tournament #3710074716, €27+€3 EUR Hold'em No Limit - Level XIX (7000/14000) - 2024/02/11 13:44:30 BRT [2024/02/11 11:44:30 ET]
Table '3710074716 2' 8-max Seat #3 is the button
Seat 1: I beastHS (597247 in chips) 
Seat 2: BusyD8 (542632 in chips) 
Seat 3: alen jiverage (124190 in chips) 
Seat 4: deiraisetonuts (417180 in chips) 
Seat 5: Rooms0XI (479989 in chips) 
Seat 6: PRETELLY (148000 in chips) 
Seat 7: kapoosta_dragon (189000 in chips) 
Seat 8: fexzera77 (385956 in chips) 
I beastHS: posts the ante 1750
BusyD8: posts the ante 1750
alen jiverage: posts the ante 1750
deiraisetonuts: posts the ante 1750
Rooms0XI: posts the ante 1750
PRETELLY: posts the ante 1750
kapoosta_dragon: posts the ante 1750
fexzera77: posts the ante 1750
deiraisetonuts: posts small blind 7000
Rooms0XI: posts big blind 14000
*** HOLE CARDS ***
Dealt to deiraisetonuts [Kh Ac]
PRETELLY: folds 
kapoosta_dragon: folds 
fexzera77: folds 
I beastHS: folds 
BusyD8: folds 
alen jiverage: raises 108440 to 122440 and is all-in
deiraisetonuts: raises 292990 to 415430 and is all-in
Rooms0XI: folds 
Uncalled bet (292990) returned to deiraisetonuts
*** FLOP *** [2c 3d 4h]
*** TURN *** [2c 3d 4h] [Jc]
*** RIVER *** [2c 3d 4h Jc] [Td]
*** SHOW DOWN ***
deiraisetonuts: shows [Kh Ac] (high card Ace)
alen jiverage: shows [6s Ad] (high card Ace - lower kicker)
deiraisetonuts collected 272880 from pot
alen jiverage finished the tournament in 75th place
*** SUMMARY ***
Total pot 272880 | Rake 0 
Board [2c 3d 4h Jc Td]
Seat 1: I beastHS folded before Flop (didn't bet)
Seat 2: BusyD8 folded before Flop (didn't bet)
Seat 3: alen jiverage (button) showed [6s Ad] and lost with high card Ace
Seat 4: deiraisetonuts (small blind) showed [Kh Ac] and won (272880) with high card Ace
Seat 5: Rooms0XI (big blind) folded before Flop
Seat 6: PRETELLY folded before Flop (didn't bet)
Seat 7: kapoosta_dragon folded before Flop (didn't bet)
Seat 8: fexzera77 folded before Flop (didn't bet)



PokerStars Hand #248820323365: Tournament #3710074716, €27+€3 EUR Hold'em No Limit - Level XX (8000/16000) - 2024/02/11 13:45:18 BRT [2024/02/11 11:45:18 ET]
Table '3710074716 2' 8-max Seat #4 is the button
Seat 1: I beastHS (595497 in chips) 
Seat 2: BusyD8 (540882 in chips) 
Seat 4: deiraisetonuts (565870 in chips) 
Seat 5: Rooms0XI (464239 in chips) 
Seat 6: PRETELLY (146250 in chips) 
Seat 7: kapoosta_dragon (187250 in chips) 
Seat 8: fexzera77 (384206 in chips) 
I beastHS: posts the ante 2000
BusyD8: posts the ante 2000
deiraisetonuts: posts the ante 2000
Rooms0XI: posts the ante 2000
PRETELLY: posts the ante 2000
kapoosta_dragon: posts the ante 2000
fexzera77: posts the ante 2000
Rooms0XI: posts small blind 8000
PRETELLY: posts big blind 16000
*** HOLE CARDS ***
Dealt to deiraisetonuts [9c Kc]
kapoosta_dragon: folds 
fexzera77: raises 19200 to 35200
I beastHS: folds 
BusyD8: folds 
TheHammer930 is disconnected 
deiraisetonuts: raises 61600 to 96800
Rooms0XI: folds 
PRETELLY: folds 
fexzera77: folds 
Uncalled bet (61600) returned to deiraisetonuts
deiraisetonuts collected 108400 from pot
deiraisetonuts: doesn't show hand 
*** SUMMARY ***
Total pot 108400 | Rake 0 
Seat 1: I beastHS folded before Flop (didn't bet)
Seat 2: BusyD8 folded before Flop (didn't bet)
Seat 4: deiraisetonuts (button) collected (108400)
Seat 5: Rooms0XI (small blind) folded before Flop
Seat 6: PRETELLY (big blind) folded before Flop
Seat 7: kapoosta_dragon folded before Flop (didn't bet)
Seat 8: fexzera77 folded before Flop



PokerStars Hand #248820335783: Tournament #3710074716, €27+€3 EUR Hold'em No Limit - Level XX (8000/16000) - 2024/02/11 13:45:56 BRT [2024/02/11 11:45:56 ET]
Table '3710074716 2' 8-max Seat #5 is the button
Seat 1: I beastHS (593497 in chips) 
Seat 2: BusyD8 (538882 in chips) 
Seat 3: TheHammer930 (1468175 in chips) 
Seat 4: deiraisetonuts (637070 in chips) 
Seat 5: Rooms0XI (454239 in chips) 
Seat 6: PRETELLY (128250 in chips) 
Seat 7: kapoosta_dragon (185250 in chips) 
Seat 8: fexzera77 (347006 in chips) 
I beastHS: posts the ante 2000
BusyD8: posts the ante 2000
TheHammer930: posts the ante 2000
deiraisetonuts: posts the ante 2000
Rooms0XI: posts the ante 2000
PRETELLY: posts the ante 2000
kapoosta_dragon: posts the ante 2000
fexzera77: posts the ante 2000
PRETELLY: posts small blind 8000
kapoosta_dragon: posts big blind 16000
*** HOLE CARDS ***
Dealt to deiraisetonuts [As 4h]
fexzera77: folds 
I beastHS: folds 
BusyD8: folds 
TheHammer930: folds 
deiraisetonuts: raises 17600 to 33600
Rooms0XI: folds 
PRETELLY: raises 92650 to 126250 and is all-in
kapoosta_dragon: folds 
deiraisetonuts: calls 92650
*** FLOP *** [Qd 4s 3d]
*** TURN *** [Qd 4s 3d] [6s]
*** RIVER *** [Qd 4s 3d 6s] [8c]
*** SHOW DOWN ***
PRETELLY: shows [Kh Js] (high card King)
deiraisetonuts: shows [As 4h] (a pair of Fours)
deiraisetonuts collected 284500 from pot
PRETELLY finished the tournament in 69th place
*** SUMMARY ***
Total pot 284500 | Rake 0 
Board [Qd 4s 3d 6s 8c]
Seat 1: I beastHS folded before Flop (didn't bet)
Seat 2: BusyD8 folded before Flop (didn't bet)
Seat 3: TheHammer930 folded before Flop (didn't bet)
Seat 4: deiraisetonuts showed [As 4h] and won (284500) with a pair of Fours
Seat 5: Rooms0XI (button) folded before Flop (didn't bet)
Seat 6: PRETELLY (small blind) showed [Kh Js] and lost with high card King
Seat 7: kapoosta_dragon (big blind) folded before Flop
Seat 8: fexzera77 folded before Flop (didn't bet)



PokerStars Hand #248820351818: Tournament #3710074716, €27+€3 EUR Hold'em No Limit - Level XX (8000/16000) - 2024/02/11 13:46:44 BRT [2024/02/11 11:46:44 ET]
Table '3710074716 2' 8-max Seat #7 is the button
Seat 1: I beastHS (591497 in chips) 
Seat 2: BusyD8 (536882 in chips) 
Seat 3: TheHammer930 (1466175 in chips) 
Seat 4: deiraisetonuts (793320 in chips) 
Seat 5: Rooms0XI (452239 in chips) 
Seat 7: kapoosta_dragon (167250 in chips) 
Seat 8: fexzera77 (345006 in chips) 
I beastHS: posts the ante 2000
BusyD8: posts the ante 2000
TheHammer930: posts the ante 2000
deiraisetonuts: posts the ante 2000
Rooms0XI: posts the ante 2000
kapoosta_dragon: posts the ante 2000
fexzera77: posts the ante 2000
fexzera77: posts small blind 8000
I beastHS: posts big blind 16000
*** HOLE CARDS ***
Dealt to deiraisetonuts [6c Td]
BusyD8: folds 
TheHammer930: raises 16000 to 32000
deiraisetonuts: folds 
Rooms0XI: folds 
kapoosta_dragon: raises 133250 to 165250 and is all-in
fexzera77: folds 
I beastHS: folds 
TheHammer930: folds 
Uncalled bet (133250) returned to kapoosta_dragon
kapoosta_dragon collected 102000 from pot
kapoosta_dragon: doesn't show hand 
*** SUMMARY ***
Total pot 102000 | Rake 0 
Seat 1: I beastHS (big blind) folded before Flop
Seat 2: BusyD8 folded before Flop (didn't bet)
Seat 3: TheHammer930 folded before Flop
Seat 4: deiraisetonuts folded before Flop (didn't bet)
Seat 5: Rooms0XI folded before Flop (didn't bet)
Seat 7: kapoosta_dragon (button) collected (102000)
Seat 8: fexzera77 (small blind) folded before Flop



PokerStars Hand #248820370321: Tournament #3710074716, €27+€3 EUR Hold'em No Limit - Level XX (8000/16000) - 2024/02/11 13:47:39 BRT [2024/02/11 11:47:39 ET]
Table '3710074716 2' 8-max Seat #8 is the button
Seat 1: I beastHS (573497 in chips) 
Seat 2: BusyD8 (534882 in chips) 
Seat 3: TheHammer930 (1432175 in chips) 
Seat 4: deiraisetonuts (791320 in chips) 
Seat 5: Rooms0XI (450239 in chips) 
Seat 7: kapoosta_dragon (235250 in chips) 
Seat 8: fexzera77 (335006 in chips) 
I beastHS: posts the ante 2000
BusyD8: posts the ante 2000
TheHammer930: posts the ante 2000
deiraisetonuts: posts the ante 2000
Rooms0XI: posts the ante 2000
kapoosta_dragon: posts the ante 2000
fexzera77: posts the ante 2000
I beastHS: posts small blind 8000
BusyD8: posts big blind 16000
*** HOLE CARDS ***
Dealt to deiraisetonuts [2c 5s]
TheHammer930: folds 
deiraisetonuts: folds 
Rooms0XI: raises 16000 to 32000
kapoosta_dragon: folds 
fexzera77: folds 
I beastHS: folds 
BusyD8: folds 
Uncalled bet (16000) returned to Rooms0XI
Rooms0XI collected 54000 from pot
*** SUMMARY ***
Total pot 54000 | Rake 0 
Seat 1: I beastHS (small blind) folded before Flop
Seat 2: BusyD8 (big blind) folded before Flop
Seat 3: TheHammer930 folded before Flop (didn't bet)
Seat 4: deiraisetonuts folded before Flop (didn't bet)
Seat 5: Rooms0XI collected (54000)
Seat 7: kapoosta_dragon folded before Flop (didn't bet)
Seat 8: fexzera77 (button) folded before Flop (didn't bet)



PokerStars Hand #248820379276: Tournament #3710074716, €27+€3 EUR Hold'em No Limit - Level XX (8000/16000) - 2024/02/11 13:48:06 BRT [2024/02/11 11:48:06 ET]
Table '3710074716 2' 8-max Seat #1 is the button
Seat 1: I beastHS (563497 in chips) 
Seat 2: BusyD8 (516882 in chips) 
Seat 3: TheHammer930 (1430175 in chips) 
Seat 4: deiraisetonuts (789320 in chips) 
Seat 5: Rooms0XI (486239 in chips) 
Seat 7: kapoosta_dragon (233250 in chips) 
Seat 8: fexzera77 (333006 in chips) 
I beastHS: posts the ante 2000
BusyD8: posts the ante 2000
TheHammer930: posts the ante 2000
deiraisetonuts: posts the ante 2000
Rooms0XI: posts the ante 2000
kapoosta_dragon: posts the ante 2000
fexzera77: posts the ante 2000
BusyD8: posts small blind 8000
TheHammer930: posts big blind 16000
*** HOLE CARDS ***
Dealt to deiraisetonuts [2s 4c]
deiraisetonuts: folds 
Rooms0XI: raises 19200 to 35200
kapoosta_dragon: folds 
fexzera77: folds 
I beastHS: folds 
BusyD8: raises 99200 to 134400
TheHammer930: folds 
Rooms0XI: folds 
Uncalled bet (99200) returned to BusyD8
BusyD8 collected 100400 from pot
BusyD8: doesn't show hand 
*** SUMMARY ***
Total pot 100400 | Rake 0 
Seat 1: I beastHS (button) folded before Flop (didn't bet)
Seat 2: BusyD8 (small blind) collected (100400)
Seat 3: TheHammer930 (big blind) folded before Flop
Seat 4: deiraisetonuts folded before Flop (didn't bet)
Seat 5: Rooms0XI folded before Flop
Seat 7: kapoosta_dragon folded before Flop (didn't bet)
Seat 8: fexzera77 folded before Flop (didn't bet)



PokerStars Hand #248820400296: Tournament #3710074716, €27+€3 EUR Hold'em No Limit - Level XX (8000/16000) - 2024/02/11 13:49:08 BRT [2024/02/11 11:49:08 ET]
Table '3710074716 2' 8-max Seat #2 is the button
Seat 1: I beastHS (561497 in chips) 
Seat 2: BusyD8 (580082 in chips) 
Seat 3: TheHammer930 (1412175 in chips) 
Seat 4: deiraisetonuts (787320 in chips) 
Seat 5: Rooms0XI (449039 in chips) 
Seat 7: kapoosta_dragon (231250 in chips) 
Seat 8: fexzera77 (331006 in chips) 
I beastHS: posts the ante 2000
BusyD8: posts the ante 2000
TheHammer930: posts the ante 2000
deiraisetonuts: posts the ante 2000
Rooms0XI: posts the ante 2000
kapoosta_dragon: posts the ante 2000
fexzera77: posts the ante 2000
TheHammer930: posts small blind 8000
deiraisetonuts: posts big blind 16000
*** HOLE CARDS ***
Dealt to deiraisetonuts [Tc 8h]
Rooms0XI: folds 
kapoosta_dragon: folds 
fexzera77: folds 
I beastHS: raises 17600 to 33600
BusyD8: calls 33600
TheHammer930: folds 
deiraisetonuts: calls 17600
*** FLOP *** [6h 7d 9h]
deiraisetonuts: checks 
I beastHS: checks 
BusyD8: bets 40000
deiraisetonuts: raises 96000 to 136000
I beastHS: folds 
yozachi is disconnected 
BusyD8: folds 
Uncalled bet (96000) returned to deiraisetonuts
deiraisetonuts collected 202800 from pot
deiraisetonuts: doesn't show hand 
*** SUMMARY ***
Total pot 202800 | Rake 0 
Board [6h 7d 9h]
Seat 1: I beastHS folded on the Flop
Seat 2: BusyD8 (button) folded on the Flop
Seat 3: TheHammer930 (small blind) folded before Flop
Seat 4: deiraisetonuts (big blind) collected (202800)
Seat 5: Rooms0XI folded before Flop (didn't bet)
Seat 7: kapoosta_dragon folded before Flop (didn't bet)
Seat 8: fexzera77 folded before Flop (didn't bet)



PokerStars Hand #248820432708: Tournament #3710074716, €27+€3 EUR Hold'em No Limit - Level XX (8000/16000) - 2024/02/11 13:50:45 BRT [2024/02/11 11:50:45 ET]
Table '3710074716 2' 8-max Seat #3 is the button
Seat 1: I beastHS (525897 in chips) 
Seat 2: BusyD8 (504482 in chips) 
Seat 3: TheHammer930 (1402175 in chips) 
Seat 4: deiraisetonuts (914520 in chips) 
Seat 5: Rooms0XI (447039 in chips) 
Seat 6: yozachi (526168 in chips) 
Seat 7: kapoosta_dragon (229250 in chips) 
Seat 8: fexzera77 (329006 in chips) 
I beastHS: posts the ante 2000
BusyD8: posts the ante 2000
TheHammer930: posts the ante 2000
deiraisetonuts: posts the ante 2000
Rooms0XI: posts the ante 2000
yozachi: posts the ante 2000
kapoosta_dragon: posts the ante 2000
fexzera77: posts the ante 2000
deiraisetonuts: posts small blind 8000
Rooms0XI: posts big blind 16000
*** HOLE CARDS ***
Dealt to deiraisetonuts [Jc 5s]
yozachi: folds 
kapoosta_dragon: folds 
fexzera77: folds 
I beastHS: folds 
BusyD8: folds 
TheHammer930: raises 16000 to 32000
deiraisetonuts: folds 
Rooms0XI: calls 16000
*** FLOP *** [6c 6h 3c]
Rooms0XI: checks 
TheHammer930: bets 26400
Rooms0XI: calls 26400
*** TURN *** [6c 6h 3c] [Jh]
Rooms0XI: checks 
TheHammer930: bets 80256
Rooms0XI: folds 
Uncalled bet (80256) returned to TheHammer930
TheHammer930 collected 140800 from pot
TheHammer930: doesn't show hand 
*** SUMMARY ***
Total pot 140800 | Rake 0 
Board [6c 6h 3c Jh]
Seat 1: I beastHS folded before Flop (didn't bet)
Seat 2: BusyD8 folded before Flop (didn't bet)
Seat 3: TheHammer930 (button) collected (140800)
Seat 4: deiraisetonuts (small blind) folded before Flop
Seat 5: Rooms0XI (big blind) folded on the Turn
Seat 6: yozachi folded before Flop (didn't bet)
Seat 7: kapoosta_dragon folded before Flop (didn't bet)
Seat 8: fexzera77 folded before Flop (didn't bet)



PokerStars Hand #248820451941: Tournament #3710074716, €27+€3 EUR Hold'em No Limit - Level XX (8000/16000) - 2024/02/11 13:51:42 BRT [2024/02/11 11:51:42 ET]
Table '3710074716 2' 8-max Seat #4 is the button
Seat 1: I beastHS (523897 in chips) 
Seat 2: BusyD8 (502482 in chips) 
Seat 3: TheHammer930 (1482575 in chips) 
Seat 4: deiraisetonuts (904520 in chips) 
Seat 5: Rooms0XI (386639 in chips) 
Seat 6: yozachi (524168 in chips) 
Seat 7: kapoosta_dragon (227250 in chips) 
Seat 8: fexzera77 (327006 in chips) 
I beastHS: posts the ante 2000
BusyD8: posts the ante 2000
TheHammer930: posts the ante 2000
deiraisetonuts: posts the ante 2000
Rooms0XI: posts the ante 2000
yozachi: posts the ante 2000
kapoosta_dragon: posts the ante 2000
fexzera77: posts the ante 2000
Rooms0XI: posts small blind 8000
yozachi: posts big blind 16000
*** HOLE CARDS ***
Dealt to deiraisetonuts [3h 8c]
kapoosta_dragon: folds 
fexzera77: folds 
I beastHS: raises 17600 to 33600
BusyD8: folds 
TheHammer930: raises 46400 to 80000
deiraisetonuts: folds 
Rooms0XI: folds 
yozachi: folds 
I beastHS: calls 46400
*** FLOP *** [Ks Jh 9h]
I beastHS: checks 
TheHammer930: bets 114000
I beastHS has timed out
I beastHS: folds 
I beastHS is sitting out
Uncalled bet (114000) returned to TheHammer930
TheHammer930 collected 200000 from pot
TheHammer930: doesn't show hand 
*** SUMMARY ***
Total pot 200000 | Rake 0 
Board [Ks Jh 9h]
Seat 1: I beastHS folded on the Flop
Seat 2: BusyD8 folded before Flop (didn't bet)
Seat 3: TheHammer930 collected (200000)
Seat 4: deiraisetonuts (button) folded before Flop (didn't bet)
Seat 5: Rooms0XI (small blind) folded before Flop
Seat 6: yozachi (big blind) folded before Flop
Seat 7: kapoosta_dragon folded before Flop (didn't bet)
Seat 8: fexzera77 folded before Flop (didn't bet)



PokerStars Hand #248820484697: Tournament #3710074716, €27+€3 EUR Hold'em No Limit - Level XXI (10000/20000) - 2024/02/11 13:53:20 BRT [2024/02/11 11:53:20 ET]
Table '3710074716 2' 8-max Seat #5 is the button
Seat 1: I beastHS (441897 in chips) is sitting out
Seat 2: BusyD8 (500482 in chips) 
Seat 3: TheHammer930 (1600575 in chips) 
Seat 4: deiraisetonuts (902520 in chips) 
Seat 5: Rooms0XI (376639 in chips) 
Seat 6: yozachi (506168 in chips) 
Seat 7: kapoosta_dragon (225250 in chips) 
Seat 8: fexzera77 (325006 in chips) 
I beastHS: posts the ante 2500
BusyD8: posts the ante 2500
TheHammer930: posts the ante 2500
deiraisetonuts: posts the ante 2500
Rooms0XI: posts the ante 2500
yozachi: posts the ante 2500
kapoosta_dragon: posts the ante 2500
fexzera77: posts the ante 2500
yozachi: posts small blind 10000
kapoosta_dragon: posts big blind 20000
*** HOLE CARDS ***
Dealt to deiraisetonuts [Kc Ks]
I beastHS has returned
fexzera77: folds 
I beastHS: folds 
BusyD8: folds 
TheHammer930: folds 
deiraisetonuts: raises 22000 to 42000
Rooms0XI: folds 
yozachi: folds 
kapoosta_dragon has timed out
kapoosta_dragon: folds 
kapoosta_dragon is sitting out
Uncalled bet (22000) returned to deiraisetonuts
deiraisetonuts collected 70000 from pot
deiraisetonuts: doesn't show hand 
*** SUMMARY ***
Total pot 70000 | Rake 0 
Seat 1: I beastHS folded before Flop (didn't bet)
Seat 2: BusyD8 folded before Flop (didn't bet)
Seat 3: TheHammer930 folded before Flop (didn't bet)
Seat 4: deiraisetonuts collected (70000)
Seat 5: Rooms0XI (button) folded before Flop (didn't bet)
Seat 6: yozachi (small blind) folded before Flop
Seat 7: kapoosta_dragon (big blind) folded before Flop
Seat 8: fexzera77 folded before Flop (didn't bet)



PokerStars Hand #248820507749: Tournament #3710074716, €27+€3 EUR Hold'em No Limit - Level XXI (10000/20000) - 2024/02/11 13:54:30 BRT [2024/02/11 11:54:30 ET]
Table '3710074716 2' 8-max Seat #6 is the button
Seat 1: I beastHS (439397 in chips) 
Seat 2: BusyD8 (497982 in chips) 
Seat 3: TheHammer930 (1598075 in chips) 
Seat 4: deiraisetonuts (950020 in chips) 
Seat 5: Rooms0XI (374139 in chips) 
Seat 6: yozachi (493668 in chips) 
Seat 7: kapoosta_dragon (202750 in chips) is sitting out
I beastHS: posts the ante 2500
BusyD8: posts the ante 2500
TheHammer930: posts the ante 2500
deiraisetonuts: posts the ante 2500
Rooms0XI: posts the ante 2500
yozachi: posts the ante 2500
kapoosta_dragon: posts the ante 2500
kapoosta_dragon: posts small blind 10000
I beastHS: posts big blind 20000
*** HOLE CARDS ***
Dealt to deiraisetonuts [8c Th]
BusyD8: raises 20000 to 40000
TheHammer930: folds 
deiraisetonuts: folds 
Rooms0XI: folds 
yozachi: folds 
kapoosta_dragon: folds 
kapoosta_dragon has returned
I beastHS: folds 
Uncalled bet (20000) returned to BusyD8
BusyD8 collected 67500 from pot
BusyD8: doesn't show hand 
*** SUMMARY ***
Total pot 67500 | Rake 0 
Seat 1: I beastHS (big blind) folded before Flop
Seat 2: BusyD8 collected (67500)
Seat 3: TheHammer930 folded before Flop (didn't bet)
Seat 4: deiraisetonuts folded before Flop (didn't bet)
Seat 5: Rooms0XI folded before Flop (didn't bet)
Seat 6: yozachi (button) folded before Flop (didn't bet)
Seat 7: kapoosta_dragon (small blind) folded before Flop



