PokerStars Hand #248820492218: Tournament #3704767522, €13.50+€13.50+€3.00 EUR Hold'em No Limit - Level VI (75/150) - 2024/02/11 13:53:42 BRT [2024/02/11 11:53:42 ET]
Table '3704767522 74' 8-max Seat #8 is the button
Seat 1: lasco34400 (23073 in chips, €13.50 bounty) 
Seat 2: Bphrygian (24805 in chips, €13.50 bounty) 
Seat 3: TheyCallMeJanus (37944 in chips, €13.50 bounty) 
Seat 4: deiraisetonuts (18260 in chips, €13.50 bounty) 
Seat 5: neggativz (16686 in chips, €13.50 bounty) 
Seat 6: Sio16 (15901 in chips, €13.50 bounty) 
Seat 7: Ragepok (42474 in chips, €20.25 bounty) 
Seat 8: maminhas69 (40706 in chips, €27 bounty) 
lasco34400: posts the ante 20
Bphrygian: posts the ante 20
TheyCallMeJanus: posts the ante 20
deiraisetonuts: posts the ante 20
neggativz: posts the ante 20
Sio16: posts the ante 20
Ragepok: posts the ante 20
maminhas69: posts the ante 20
lasco34400: posts small blind 75
Bphrygian: posts big blind 150
*** HOLE CARDS ***
Dealt to deiraisetonuts [8s 7s]
TheyCallMeJanus: folds 
deiraisetonuts: raises 165 to 315
neggativz: folds 
Sio16: folds 
Ragepok: folds 
maminhas69: folds 
lasco34400: calls 240
Bphrygian: folds 
*** FLOP *** [5s 7d Ad]
lasco34400: bets 940
deiraisetonuts: calls 940
*** TURN *** [5s 7d Ad] [As]
lasco34400: bets 2820
deiraisetonuts: calls 2820
*** RIVER *** [5s 7d Ad As] [9d]
lasco34400: checks 
deiraisetonuts: checks 
*** SHOW DOWN ***
lasco34400: shows [Ah 8h] (three of a kind, Aces)
deiraisetonuts: mucks hand 
lasco34400 collected 8460 from pot
*** SUMMARY ***
Total pot 8460 | Rake 0 
Board [5s 7d Ad As 9d]
Seat 1: lasco34400 (small blind) showed [Ah 8h] and won (8460) with three of a kind, Aces
Seat 2: Bphrygian (big blind) folded before Flop
Seat 3: TheyCallMeJanus folded before Flop (didn't bet)
Seat 4: deiraisetonuts mucked [8s 7s]
Seat 5: neggativz folded before Flop (didn't bet)
Seat 6: Sio16 folded before Flop (didn't bet)
Seat 7: Ragepok folded before Flop (didn't bet)
Seat 8: maminhas69 (button) folded before Flop (didn't bet)



