PokerStars Hand #248820646820: Tournament #3704767522, €13.50+€13.50+€3.00 EUR Hold'em No Limit - Level VI (75/150) - 2024/02/11 14:03:10 BRT [2024/02/11 12:03:10 ET]
Table '3704767522 74' 8-max Seat #1 is the button
Seat 1: lasco34400 (27438 in chips, €13.50 bounty) 
Seat 2: Bphrygian (24635 in chips, €13.50 bounty) 
Seat 3: TheyCallMeJanus (37924 in chips, €13.50 bounty) 
Seat 4: deiraisetonuts (14165 in chips, €13.50 bounty) 
Seat 5: neggativz (16666 in chips, €13.50 bounty) 
Seat 6: WARTANOFF (20000 in chips, €13.50 bounty) 
Seat 7: WogaWogaWoga (20000 in chips, €13.50 bounty) 
Seat 8: maminhas69 (40686 in chips, €27 bounty) 
lasco34400: posts the ante 20
Bphrygian: posts the ante 20
TheyCallMeJanus: posts the ante 20
deiraisetonuts: posts the ante 20
neggativz: posts the ante 20
WARTANOFF: posts the ante 20
WogaWogaWoga: posts the ante 20
maminhas69: posts the ante 20
Bphrygian: posts small blind 75
TheyCallMeJanus: posts big blind 150
*** HOLE CARDS ***
Dealt to deiraisetonuts [6s Ac]
deiraisetonuts: folds 
neggativz: folds 
WARTANOFF: raises 150 to 300
WogaWogaWoga: folds 
maminhas69: folds 
lasco34400: calls 300
Bphrygian: folds 
TheyCallMeJanus: folds 
*** FLOP *** [Kc 6c 4c]
WARTANOFF: bets 433
lasco34400: calls 433
*** TURN *** [Kc 6c 4c] [Ts]
WARTANOFF: bets 1239
lasco34400: calls 1239
*** RIVER *** [Kc 6c 4c Ts] [Qd]
WARTANOFF: bets 1125
lasco34400: raises 2175 to 3300
WARTANOFF: folds 
Uncalled bet (2175) returned to lasco34400
lasco34400 collected 6579 from pot
lasco34400: doesn't show hand 
*** SUMMARY ***
Total pot 6579 | Rake 0 
Board [Kc 6c 4c Ts Qd]
Seat 1: lasco34400 (button) collected (6579)
Seat 2: Bphrygian (small blind) folded before Flop
Seat 3: TheyCallMeJanus (big blind) folded before Flop
Seat 4: deiraisetonuts folded before Flop (didn't bet)
Seat 5: neggativz folded before Flop (didn't bet)
Seat 6: WARTANOFF folded on the River
Seat 7: WogaWogaWoga folded before Flop (didn't bet)
Seat 8: maminhas69 folded before Flop (didn't bet)



PokerStars Hand #248820696088: Tournament #3704767522, €13.50+€13.50+€3.00 EUR Hold'em No Limit - Level VI (75/150) - 2024/02/11 14:05:35 BRT [2024/02/11 12:05:35 ET]
Table '3704767522 74' 8-max Seat #2 is the button
Seat 1: lasco34400 (30900 in chips, €13.50 bounty) 
Seat 2: Bphrygian (24540 in chips, €13.50 bounty) 
Seat 3: TheyCallMeJanus (37754 in chips, €13.50 bounty) 
Seat 4: deiraisetonuts (14145 in chips, €13.50 bounty) 
Seat 5: neggativz (16646 in chips, €13.50 bounty) 
Seat 6: WARTANOFF (16883 in chips, €13.50 bounty) 
Seat 7: WogaWogaWoga (19980 in chips, €13.50 bounty) 
Seat 8: maminhas69 (40666 in chips, €27 bounty) 
lasco34400: posts the ante 20
Bphrygian: posts the ante 20
TheyCallMeJanus: posts the ante 20
deiraisetonuts: posts the ante 20
neggativz: posts the ante 20
WARTANOFF: posts the ante 20
WogaWogaWoga: posts the ante 20
maminhas69: posts the ante 20
TheyCallMeJanus: posts small blind 75
deiraisetonuts: posts big blind 150
*** HOLE CARDS ***
Dealt to deiraisetonuts [5h Jd]
neggativz: folds 
WARTANOFF: folds 
WogaWogaWoga: folds 
maminhas69: folds 
lasco34400: folds 
Bphrygian: raises 150 to 300
TheyCallMeJanus: folds 
deiraisetonuts: calls 150
*** FLOP *** [4h 8h Kd]
deiraisetonuts: checks 
Bphrygian: bets 208
deiraisetonuts: folds 
Uncalled bet (208) returned to Bphrygian
Bphrygian collected 835 from pot
Bphrygian: doesn't show hand 
*** SUMMARY ***
Total pot 835 | Rake 0 
Board [4h 8h Kd]
Seat 1: lasco34400 folded before Flop (didn't bet)
Seat 2: Bphrygian (button) collected (835)
Seat 3: TheyCallMeJanus (small blind) folded before Flop
Seat 4: deiraisetonuts (big blind) folded on the Flop
Seat 5: neggativz folded before Flop (didn't bet)
Seat 6: WARTANOFF folded before Flop (didn't bet)
Seat 7: WogaWogaWoga folded before Flop (didn't bet)
Seat 8: maminhas69 folded before Flop (didn't bet)



PokerStars Hand #248820714474: Tournament #3704767522, €13.50+€13.50+€3.00 EUR Hold'em No Limit - Level VI (75/150) - 2024/02/11 14:06:28 BRT [2024/02/11 12:06:28 ET]
Table '3704767522 74' 8-max Seat #3 is the button
Seat 1: lasco34400 (30880 in chips, €13.50 bounty) 
Seat 2: Bphrygian (25055 in chips, €13.50 bounty) 
Seat 3: TheyCallMeJanus (37659 in chips, €13.50 bounty) 
Seat 4: deiraisetonuts (13825 in chips, €13.50 bounty) 
Seat 5: neggativz (16626 in chips, €13.50 bounty) 
Seat 6: WARTANOFF (16863 in chips, €13.50 bounty) 
Seat 7: WogaWogaWoga (19960 in chips, €13.50 bounty) 
Seat 8: maminhas69 (40646 in chips, €27 bounty) 
lasco34400: posts the ante 20
Bphrygian: posts the ante 20
TheyCallMeJanus: posts the ante 20
deiraisetonuts: posts the ante 20
neggativz: posts the ante 20
WARTANOFF: posts the ante 20
WogaWogaWoga: posts the ante 20
maminhas69: posts the ante 20
deiraisetonuts: posts small blind 75
neggativz: posts big blind 150
*** HOLE CARDS ***
Dealt to deiraisetonuts [Ks Ad]
WARTANOFF: folds 
WogaWogaWoga: folds 
maminhas69: raises 165 to 315
lasco34400: calls 315
Bphrygian: folds 
TheyCallMeJanus: folds 
deiraisetonuts: raises 1180 to 1495
neggativz: folds 
maminhas69: folds 
lasco34400: calls 1180
*** FLOP *** [8c Jh Ah]
deiraisetonuts: bets 1988
lasco34400: calls 1988
*** TURN *** [8c Jh Ah] [8s]
deiraisetonuts: bets 4175
lasco34400: folds 
Uncalled bet (4175) returned to deiraisetonuts
deiraisetonuts collected 7591 from pot
deiraisetonuts: doesn't show hand 
*** SUMMARY ***
Total pot 7591 | Rake 0 
Board [8c Jh Ah 8s]
Seat 1: lasco34400 folded on the Turn
Seat 2: Bphrygian folded before Flop (didn't bet)
Seat 3: TheyCallMeJanus (button) folded before Flop (didn't bet)
Seat 4: deiraisetonuts (small blind) collected (7591)
Seat 5: neggativz (big blind) folded before Flop
Seat 6: WARTANOFF folded before Flop (didn't bet)
Seat 7: WogaWogaWoga folded before Flop (didn't bet)
Seat 8: maminhas69 folded before Flop



PokerStars Hand #248820763341: Tournament #3704767522, €13.50+€13.50+€3.00 EUR Hold'em No Limit - Level VII (100/200) - 2024/02/11 14:08:49 BRT [2024/02/11 12:08:49 ET]
Table '3704767522 74' 8-max Seat #4 is the button
Seat 1: lasco34400 (27377 in chips, €13.50 bounty) 
Seat 2: Bphrygian (25035 in chips, €13.50 bounty) 
Seat 3: TheyCallMeJanus (37639 in chips, €13.50 bounty) 
Seat 4: deiraisetonuts (17913 in chips, €13.50 bounty) 
Seat 5: neggativz (16456 in chips, €13.50 bounty) 
Seat 6: WARTANOFF (16843 in chips, €13.50 bounty) 
Seat 7: WogaWogaWoga (19940 in chips, €13.50 bounty) 
Seat 8: maminhas69 (40311 in chips, €27 bounty) 
lasco34400: posts the ante 25
Bphrygian: posts the ante 25
TheyCallMeJanus: posts the ante 25
deiraisetonuts: posts the ante 25
neggativz: posts the ante 25
WARTANOFF: posts the ante 25
WogaWogaWoga: posts the ante 25
maminhas69: posts the ante 25
neggativz: posts small blind 100
WARTANOFF: posts big blind 200
*** HOLE CARDS ***
Dealt to deiraisetonuts [Kh 4s]
WogaWogaWoga: raises 200 to 400
maminhas69: folds 
lasco34400: folds 
Bphrygian: folds 
TheyCallMeJanus: folds 
deiraisetonuts: folds 
neggativz: folds 
WARTANOFF: calls 200
*** FLOP *** [Tc 8s Qs]
WARTANOFF: checks 
WogaWogaWoga: bets 400
WARTANOFF: folds 
Uncalled bet (400) returned to WogaWogaWoga
WogaWogaWoga collected 1100 from pot
WogaWogaWoga: doesn't show hand 
*** SUMMARY ***
Total pot 1100 | Rake 0 
Board [Tc 8s Qs]
Seat 1: lasco34400 folded before Flop (didn't bet)
Seat 2: Bphrygian folded before Flop (didn't bet)
Seat 3: TheyCallMeJanus folded before Flop (didn't bet)
Seat 4: deiraisetonuts (button) folded before Flop (didn't bet)
Seat 5: neggativz (small blind) folded before Flop
Seat 6: WARTANOFF (big blind) folded on the Flop
Seat 7: WogaWogaWoga collected (1100)
Seat 8: maminhas69 folded before Flop (didn't bet)



PokerStars Hand #248820787402: Tournament #3704767522, €13.50+€13.50+€3.00 EUR Hold'em No Limit - Level VII (100/200) - 2024/02/11 14:09:58 BRT [2024/02/11 12:09:58 ET]
Table '3704767522 74' 8-max Seat #5 is the button
Seat 1: lasco34400 (27352 in chips, €13.50 bounty) 
Seat 2: Bphrygian (25010 in chips, €13.50 bounty) 
Seat 3: TheyCallMeJanus (37614 in chips, €13.50 bounty) 
Seat 4: deiraisetonuts (17888 in chips, €13.50 bounty) 
Seat 5: neggativz (16331 in chips, €13.50 bounty) 
Seat 6: WARTANOFF (16418 in chips, €13.50 bounty) 
Seat 7: WogaWogaWoga (20615 in chips, €13.50 bounty) 
Seat 8: maminhas69 (40286 in chips, €27 bounty) 
lasco34400: posts the ante 25
Bphrygian: posts the ante 25
TheyCallMeJanus: posts the ante 25
deiraisetonuts: posts the ante 25
neggativz: posts the ante 25
WARTANOFF: posts the ante 25
WogaWogaWoga: posts the ante 25
maminhas69: posts the ante 25
WARTANOFF: posts small blind 100
WogaWogaWoga: posts big blind 200
*** HOLE CARDS ***
Dealt to deiraisetonuts [Ah Ac]
maminhas69: folds 
lasco34400: folds 
Bphrygian: raises 200 to 400
TheyCallMeJanus: folds 
deiraisetonuts: raises 1000 to 1400
neggativz: folds 
WARTANOFF: folds 
WogaWogaWoga: folds 
Bphrygian: folds 
Uncalled bet (1000) returned to deiraisetonuts
deiraisetonuts collected 1300 from pot
deiraisetonuts: doesn't show hand 
*** SUMMARY ***
Total pot 1300 | Rake 0 
Seat 1: lasco34400 folded before Flop (didn't bet)
Seat 2: Bphrygian folded before Flop
Seat 3: TheyCallMeJanus folded before Flop (didn't bet)
Seat 4: deiraisetonuts collected (1300)
Seat 5: neggativz (button) folded before Flop (didn't bet)
Seat 6: WARTANOFF (small blind) folded before Flop
Seat 7: WogaWogaWoga (big blind) folded before Flop
Seat 8: maminhas69 folded before Flop (didn't bet)



PokerStars Hand #248820804475: Tournament #3704767522, €13.50+€13.50+€3.00 EUR Hold'em No Limit - Level VII (100/200) - 2024/02/11 14:10:46 BRT [2024/02/11 12:10:46 ET]
Table '3704767522 74' 8-max Seat #6 is the button
Seat 1: lasco34400 (27327 in chips, €13.50 bounty) 
Seat 2: Bphrygian (24585 in chips, €13.50 bounty) 
Seat 3: TheyCallMeJanus (37589 in chips, €13.50 bounty) 
Seat 4: deiraisetonuts (18763 in chips, €13.50 bounty) 
Seat 5: neggativz (16306 in chips, €13.50 bounty) 
Seat 6: WARTANOFF (16293 in chips, €13.50 bounty) 
Seat 7: WogaWogaWoga (20390 in chips, €13.50 bounty) 
Seat 8: maminhas69 (40261 in chips, €27 bounty) 
lasco34400: posts the ante 25
Bphrygian: posts the ante 25
TheyCallMeJanus: posts the ante 25
deiraisetonuts: posts the ante 25
neggativz: posts the ante 25
WARTANOFF: posts the ante 25
WogaWogaWoga: posts the ante 25
maminhas69: posts the ante 25
WogaWogaWoga: posts small blind 100
maminhas69: posts big blind 200
*** HOLE CARDS ***
Dealt to deiraisetonuts [4c 5d]
lasco34400: folds 
Bphrygian: folds 
TheyCallMeJanus: folds 
deiraisetonuts: folds 
neggativz: folds 
WARTANOFF: folds 
WogaWogaWoga: raises 500 to 700
maminhas69: calls 500
*** FLOP *** [Js Qs 5h]
WogaWogaWoga: bets 600
maminhas69: folds 
Uncalled bet (600) returned to WogaWogaWoga
WogaWogaWoga collected 1600 from pot
WogaWogaWoga: doesn't show hand 
*** SUMMARY ***
Total pot 1600 | Rake 0 
Board [Js Qs 5h]
Seat 1: lasco34400 folded before Flop (didn't bet)
Seat 2: Bphrygian folded before Flop (didn't bet)
Seat 3: TheyCallMeJanus folded before Flop (didn't bet)
Seat 4: deiraisetonuts folded before Flop (didn't bet)
Seat 5: neggativz folded before Flop (didn't bet)
Seat 6: WARTANOFF (button) folded before Flop (didn't bet)
Seat 7: WogaWogaWoga (small blind) collected (1600)
Seat 8: maminhas69 (big blind) folded on the Flop



PokerStars Hand #248820817481: Tournament #3704767522, €13.50+€13.50+€3.00 EUR Hold'em No Limit - Level VII (100/200) - 2024/02/11 14:11:23 BRT [2024/02/11 12:11:23 ET]
Table '3704767522 74' 8-max Seat #7 is the button
Seat 1: lasco34400 (27302 in chips, €13.50 bounty) 
Seat 2: Bphrygian (24560 in chips, €13.50 bounty) 
Seat 3: TheyCallMeJanus (37564 in chips, €13.50 bounty) 
Seat 4: deiraisetonuts (18738 in chips, €13.50 bounty) 
Seat 5: neggativz (16281 in chips, €13.50 bounty) 
Seat 6: WARTANOFF (16268 in chips, €13.50 bounty) 
Seat 7: WogaWogaWoga (21265 in chips, €13.50 bounty) 
Seat 8: maminhas69 (39536 in chips, €27 bounty) 
lasco34400: posts the ante 25
Bphrygian: posts the ante 25
TheyCallMeJanus: posts the ante 25
deiraisetonuts: posts the ante 25
neggativz: posts the ante 25
WARTANOFF: posts the ante 25
WogaWogaWoga: posts the ante 25
maminhas69: posts the ante 25
maminhas69: posts small blind 100
lasco34400: posts big blind 200
*** HOLE CARDS ***
Dealt to deiraisetonuts [Ac Ts]
Bphrygian: raises 200 to 400
TheyCallMeJanus: folds 
deiraisetonuts: folds 
neggativz: folds 
WARTANOFF: folds 
WogaWogaWoga: folds 
maminhas69: raises 1600 to 2000
lasco34400: folds 
Bphrygian: folds 
Uncalled bet (1600) returned to maminhas69
maminhas69 collected 1200 from pot
*** SUMMARY ***
Total pot 1200 | Rake 0 
Seat 1: lasco34400 (big blind) folded before Flop
Seat 2: Bphrygian folded before Flop
Seat 3: TheyCallMeJanus folded before Flop (didn't bet)
Seat 4: deiraisetonuts folded before Flop (didn't bet)
Seat 5: neggativz folded before Flop (didn't bet)
Seat 6: WARTANOFF folded before Flop (didn't bet)
Seat 7: WogaWogaWoga (button) folded before Flop (didn't bet)
Seat 8: maminhas69 (small blind) collected (1200)



PokerStars Hand #248820834082: Tournament #3704767522, €13.50+€13.50+€3.00 EUR Hold'em No Limit - Level VII (100/200) - 2024/02/11 14:12:09 BRT [2024/02/11 12:12:09 ET]
Table '3704767522 74' 8-max Seat #8 is the button
Seat 1: lasco34400 (27077 in chips, €13.50 bounty) 
Seat 2: Bphrygian (24135 in chips, €13.50 bounty) 
Seat 3: TheyCallMeJanus (37539 in chips, €13.50 bounty) 
Seat 4: deiraisetonuts (18713 in chips, €13.50 bounty) 
Seat 5: neggativz (16256 in chips, €13.50 bounty) 
Seat 6: WARTANOFF (16243 in chips, €13.50 bounty) 
Seat 7: WogaWogaWoga (21240 in chips, €13.50 bounty) 
Seat 8: maminhas69 (40311 in chips, €27 bounty) 
lasco34400: posts the ante 25
Bphrygian: posts the ante 25
TheyCallMeJanus: posts the ante 25
deiraisetonuts: posts the ante 25
neggativz: posts the ante 25
WARTANOFF: posts the ante 25
WogaWogaWoga: posts the ante 25
maminhas69: posts the ante 25
lasco34400: posts small blind 100
Bphrygian: posts big blind 200
*** HOLE CARDS ***
Dealt to deiraisetonuts [Ks 3s]
TheyCallMeJanus: folds 
deiraisetonuts: folds 
neggativz: raises 200 to 400
WARTANOFF: folds 
WogaWogaWoga: folds 
maminhas69: folds 
lasco34400: folds 
Bphrygian: calls 200
*** FLOP *** [Kh 5h 4c]
Bphrygian: checks 
neggativz: bets 275
Bphrygian: calls 275
*** TURN *** [Kh 5h 4c] [Ts]
Bphrygian: checks 
neggativz: checks 
*** RIVER *** [Kh 5h 4c Ts] [Kd]
Bphrygian: bets 346
neggativz: calls 346
*** SHOW DOWN ***
Bphrygian: shows [Jd 5d] (two pair, Kings and Fives)
neggativz: shows [Jc Td] (two pair, Kings and Tens)
neggativz collected 2342 from pot
*** SUMMARY ***
Total pot 2342 | Rake 0 
Board [Kh 5h 4c Ts Kd]
Seat 1: lasco34400 (small blind) folded before Flop
Seat 2: Bphrygian (big blind) showed [Jd 5d] and lost with two pair, Kings and Fives
Seat 3: TheyCallMeJanus folded before Flop (didn't bet)
Seat 4: deiraisetonuts folded before Flop (didn't bet)
Seat 5: neggativz showed [Jc Td] and won (2342) with two pair, Kings and Tens
Seat 6: WARTANOFF folded before Flop (didn't bet)
Seat 7: WogaWogaWoga folded before Flop (didn't bet)
Seat 8: maminhas69 (button) folded before Flop (didn't bet)



PokerStars Hand #248820859596: Tournament #3704767522, €13.50+€13.50+€3.00 EUR Hold'em No Limit - Level VII (100/200) - 2024/02/11 14:13:21 BRT [2024/02/11 12:13:21 ET]
Table '3704767522 74' 8-max Seat #1 is the button
Seat 1: lasco34400 (26952 in chips, €13.50 bounty) 
Seat 2: Bphrygian (23089 in chips, €13.50 bounty) 
Seat 3: TheyCallMeJanus (37514 in chips, €13.50 bounty) 
Seat 4: deiraisetonuts (18688 in chips, €13.50 bounty) 
Seat 5: neggativz (17552 in chips, €13.50 bounty) 
Seat 6: WARTANOFF (16218 in chips, €13.50 bounty) 
Seat 7: WogaWogaWoga (21215 in chips, €13.50 bounty) 
Seat 8: maminhas69 (40286 in chips, €27 bounty) 
lasco34400: posts the ante 25
Bphrygian: posts the ante 25
TheyCallMeJanus: posts the ante 25
deiraisetonuts: posts the ante 25
neggativz: posts the ante 25
WARTANOFF: posts the ante 25
WogaWogaWoga: posts the ante 25
maminhas69: posts the ante 25
Bphrygian: posts small blind 100
TheyCallMeJanus: posts big blind 200
*** HOLE CARDS ***
Dealt to deiraisetonuts [2s 7d]
deiraisetonuts: folds 
neggativz: folds 
WARTANOFF: folds 
WogaWogaWoga: raises 240 to 440
maminhas69: folds 
lasco34400: folds 
Bphrygian: folds 
TheyCallMeJanus: folds 
Uncalled bet (240) returned to WogaWogaWoga
WogaWogaWoga collected 700 from pot
WogaWogaWoga: doesn't show hand 
*** SUMMARY ***
Total pot 700 | Rake 0 
Seat 1: lasco34400 (button) folded before Flop (didn't bet)
Seat 2: Bphrygian (small blind) folded before Flop
Seat 3: TheyCallMeJanus (big blind) folded before Flop
Seat 4: deiraisetonuts folded before Flop (didn't bet)
Seat 5: neggativz folded before Flop (didn't bet)
Seat 6: WARTANOFF folded before Flop (didn't bet)
Seat 7: WogaWogaWoga collected (700)
Seat 8: maminhas69 folded before Flop (didn't bet)



PokerStars Hand #248820870595: Tournament #3704767522, €13.50+€13.50+€3.00 EUR Hold'em No Limit - Level VII (100/200) - 2024/02/11 14:13:52 BRT [2024/02/11 12:13:52 ET]
Table '3704767522 74' 8-max Seat #2 is the button
Seat 1: lasco34400 (26927 in chips, €13.50 bounty) 
Seat 2: Bphrygian (22964 in chips, €13.50 bounty) 
Seat 3: TheyCallMeJanus (37289 in chips, €13.50 bounty) 
Seat 4: deiraisetonuts (18663 in chips, €13.50 bounty) 
Seat 5: neggativz (17527 in chips, €13.50 bounty) 
Seat 6: WARTANOFF (16193 in chips, €13.50 bounty) 
Seat 7: WogaWogaWoga (21690 in chips, €13.50 bounty) 
Seat 8: maminhas69 (40261 in chips, €27 bounty) 
lasco34400: posts the ante 25
Bphrygian: posts the ante 25
TheyCallMeJanus: posts the ante 25
deiraisetonuts: posts the ante 25
neggativz: posts the ante 25
WARTANOFF: posts the ante 25
WogaWogaWoga: posts the ante 25
maminhas69: posts the ante 25
TheyCallMeJanus: posts small blind 100
deiraisetonuts: posts big blind 200
*** HOLE CARDS ***
Dealt to deiraisetonuts [4s 6s]
neggativz: folds 
WARTANOFF: folds 
WogaWogaWoga: folds 
maminhas69: raises 220 to 420
lasco34400: folds 
Bphrygian: folds 
TheyCallMeJanus: folds 
deiraisetonuts: calls 220
*** FLOP *** [9h Tc 8h]
deiraisetonuts: checks 
maminhas69: bets 628
deiraisetonuts: folds 
Uncalled bet (628) returned to maminhas69
maminhas69 collected 1140 from pot
*** SUMMARY ***
Total pot 1140 | Rake 0 
Board [9h Tc 8h]
Seat 1: lasco34400 folded before Flop (didn't bet)
Seat 2: Bphrygian (button) folded before Flop (didn't bet)
Seat 3: TheyCallMeJanus (small blind) folded before Flop
Seat 4: deiraisetonuts (big blind) folded on the Flop
Seat 5: neggativz folded before Flop (didn't bet)
Seat 6: WARTANOFF folded before Flop (didn't bet)
Seat 7: WogaWogaWoga folded before Flop (didn't bet)
Seat 8: maminhas69 collected (1140)



PokerStars Hand #248820920803: Tournament #3704767522, €13.50+€13.50+€3.00 EUR Hold'em No Limit - Level VII (100/200) - 2024/02/11 14:16:12 BRT [2024/02/11 12:16:12 ET]
Table '3704767522 74' 8-max Seat #3 is the button
Seat 1: lasco34400 (26902 in chips, €13.50 bounty) 
Seat 2: Bphrygian (22939 in chips, €13.50 bounty) 
Seat 3: TheyCallMeJanus (37164 in chips, €13.50 bounty) 
Seat 4: deiraisetonuts (18218 in chips, €13.50 bounty) 
Seat 5: neggativz (17502 in chips, €13.50 bounty) 
Seat 6: WARTANOFF (16168 in chips, €13.50 bounty) 
Seat 7: WogaWogaWoga (21665 in chips, €13.50 bounty) 
Seat 8: maminhas69 (40956 in chips, €27 bounty) 
lasco34400: posts the ante 25
Bphrygian: posts the ante 25
TheyCallMeJanus: posts the ante 25
deiraisetonuts: posts the ante 25
neggativz: posts the ante 25
WARTANOFF: posts the ante 25
WogaWogaWoga: posts the ante 25
maminhas69: posts the ante 25
deiraisetonuts: posts small blind 100
neggativz: posts big blind 200
*** HOLE CARDS ***
Dealt to deiraisetonuts [2s 6c]
WARTANOFF: folds 
WogaWogaWoga: folds 
maminhas69: raises 220 to 420
lasco34400: calls 420
Bphrygian: folds 
TheyCallMeJanus: calls 420
deiraisetonuts: folds 
neggativz: folds 
*** FLOP *** [5h Ac 8h]
maminhas69: checks 
lasco34400: bets 880
TheyCallMeJanus: calls 880
maminhas69: folds 
*** TURN *** [5h Ac 8h] [Qd]
lasco34400: bets 1400
TheyCallMeJanus: folds 
Uncalled bet (1400) returned to lasco34400
lasco34400 collected 3520 from pot
lasco34400: doesn't show hand 
*** SUMMARY ***
Total pot 3520 | Rake 0 
Board [5h Ac 8h Qd]
Seat 1: lasco34400 collected (3520)
Seat 2: Bphrygian folded before Flop (didn't bet)
Seat 3: TheyCallMeJanus (button) folded on the Turn
Seat 4: deiraisetonuts (small blind) folded before Flop
Seat 5: neggativz (big blind) folded before Flop
Seat 6: WARTANOFF folded before Flop (didn't bet)
Seat 7: WogaWogaWoga folded before Flop (didn't bet)
Seat 8: maminhas69 folded on the Flop



PokerStars Hand #248820952522: Tournament #3704767522, €13.50+€13.50+€3.00 EUR Hold'em No Limit - Level VII (100/200) - 2024/02/11 14:17:40 BRT [2024/02/11 12:17:40 ET]
Table '3704767522 74' 8-max Seat #4 is the button
Seat 1: lasco34400 (29097 in chips, €13.50 bounty) 
Seat 2: Bphrygian (22914 in chips, €13.50 bounty) 
Seat 3: TheyCallMeJanus (35839 in chips, €13.50 bounty) 
Seat 4: deiraisetonuts (18093 in chips, €13.50 bounty) 
Seat 5: neggativz (17277 in chips, €13.50 bounty) 
Seat 6: WARTANOFF (16143 in chips, €13.50 bounty) 
Seat 7: WogaWogaWoga (21640 in chips, €13.50 bounty) 
Seat 8: maminhas69 (40511 in chips, €27 bounty) 
lasco34400: posts the ante 25
Bphrygian: posts the ante 25
TheyCallMeJanus: posts the ante 25
deiraisetonuts: posts the ante 25
neggativz: posts the ante 25
WARTANOFF: posts the ante 25
WogaWogaWoga: posts the ante 25
maminhas69: posts the ante 25
neggativz: posts small blind 100
WARTANOFF: posts big blind 200
*** HOLE CARDS ***
Dealt to deiraisetonuts [3c Qc]
WogaWogaWoga: raises 240 to 440
maminhas69: folds 
lasco34400: folds 
Bphrygian: folds 
TheyCallMeJanus: raises 1160 to 1600
deiraisetonuts: folds 
neggativz: folds 
WARTANOFF: folds 
WogaWogaWoga: calls 1160
*** FLOP *** [8h Qs 8d]
WogaWogaWoga: checks 
TheyCallMeJanus: bets 925
WogaWogaWoga: calls 925
*** TURN *** [8h Qs 8d] [Kc]
WogaWogaWoga: checks 
TheyCallMeJanus: bets 4200
WogaWogaWoga: folds 
Uncalled bet (4200) returned to TheyCallMeJanus
TheyCallMeJanus collected 5550 from pot
TheyCallMeJanus: doesn't show hand 
*** SUMMARY ***
Total pot 5550 | Rake 0 
Board [8h Qs 8d Kc]
Seat 1: lasco34400 folded before Flop (didn't bet)
Seat 2: Bphrygian folded before Flop (didn't bet)
Seat 3: TheyCallMeJanus collected (5550)
Seat 4: deiraisetonuts (button) folded before Flop (didn't bet)
Seat 5: neggativz (small blind) folded before Flop
Seat 6: WARTANOFF (big blind) folded before Flop
Seat 7: WogaWogaWoga folded on the Turn
Seat 8: maminhas69 folded before Flop (didn't bet)



PokerStars Hand #248820980348: Tournament #3704767522, €13.50+€13.50+€3.00 EUR Hold'em No Limit - Level VIII (125/250) - 2024/02/11 14:18:58 BRT [2024/02/11 12:18:58 ET]
Table '3704767522 74' 8-max Seat #5 is the button
Seat 1: lasco34400 (29072 in chips, €13.50 bounty) 
Seat 2: Bphrygian (22889 in chips, €13.50 bounty) 
Seat 3: TheyCallMeJanus (38839 in chips, €13.50 bounty) 
Seat 4: deiraisetonuts (18068 in chips, €13.50 bounty) 
Seat 5: neggativz (17152 in chips, €13.50 bounty) 
Seat 6: WARTANOFF (15918 in chips, €13.50 bounty) 
Seat 7: WogaWogaWoga (19090 in chips, €13.50 bounty) 
Seat 8: maminhas69 (40486 in chips, €27 bounty) 
lasco34400: posts the ante 30
Bphrygian: posts the ante 30
TheyCallMeJanus: posts the ante 30
deiraisetonuts: posts the ante 30
neggativz: posts the ante 30
WARTANOFF: posts the ante 30
WogaWogaWoga: posts the ante 30
maminhas69: posts the ante 30
WARTANOFF: posts small blind 125
WogaWogaWoga: posts big blind 250
*** HOLE CARDS ***
Dealt to deiraisetonuts [2h Kc]
maminhas69: folds 
lasco34400: folds 
Bphrygian: raises 250 to 500
TheyCallMeJanus: folds 
deiraisetonuts: folds 
neggativz: raises 1250 to 1750
WARTANOFF: folds 
WogaWogaWoga: folds 
Bphrygian: raises 2975 to 4725
neggativz: raises 12397 to 17122 and is all-in
Bphrygian: folds 
Uncalled bet (12397) returned to neggativz
neggativz collected 10065 from pot
neggativz: doesn't show hand 
*** SUMMARY ***
Total pot 10065 | Rake 0 
Seat 1: lasco34400 folded before Flop (didn't bet)
Seat 2: Bphrygian folded before Flop
Seat 3: TheyCallMeJanus folded before Flop (didn't bet)
Seat 4: deiraisetonuts folded before Flop (didn't bet)
Seat 5: neggativz (button) collected (10065)
Seat 6: WARTANOFF (small blind) folded before Flop
Seat 7: WogaWogaWoga (big blind) folded before Flop
Seat 8: maminhas69 folded before Flop (didn't bet)



PokerStars Hand #248821007428: Tournament #3704767522, €13.50+€13.50+€3.00 EUR Hold'em No Limit - Level VIII (125/250) - 2024/02/11 14:20:13 BRT [2024/02/11 12:20:13 ET]
Table '3704767522 74' 8-max Seat #6 is the button
Seat 1: lasco34400 (29042 in chips, €13.50 bounty) 
Seat 2: Bphrygian (18134 in chips, €13.50 bounty) 
Seat 3: TheyCallMeJanus (38809 in chips, €13.50 bounty) 
Seat 4: deiraisetonuts (18038 in chips, €13.50 bounty) 
Seat 5: neggativz (22462 in chips, €13.50 bounty) 
Seat 6: WARTANOFF (15763 in chips, €13.50 bounty) 
Seat 7: WogaWogaWoga (18810 in chips, €13.50 bounty) 
Seat 8: maminhas69 (40456 in chips, €27 bounty) 
lasco34400: posts the ante 30
Bphrygian: posts the ante 30
TheyCallMeJanus: posts the ante 30
deiraisetonuts: posts the ante 30
neggativz: posts the ante 30
WARTANOFF: posts the ante 30
WogaWogaWoga: posts the ante 30
maminhas69: posts the ante 30
WogaWogaWoga: posts small blind 125
maminhas69: posts big blind 250
*** HOLE CARDS ***
Dealt to deiraisetonuts [2d Kd]
lasco34400: raises 865 to 1115
Bphrygian: folds 
TheyCallMeJanus: folds 
deiraisetonuts: folds 
neggativz: folds 
WARTANOFF: folds 
WogaWogaWoga: folds 
maminhas69: folds 
Uncalled bet (865) returned to lasco34400
lasco34400 collected 865 from pot
lasco34400: doesn't show hand 
*** SUMMARY ***
Total pot 865 | Rake 0 
Seat 1: lasco34400 collected (865)
Seat 2: Bphrygian folded before Flop (didn't bet)
Seat 3: TheyCallMeJanus folded before Flop (didn't bet)
Seat 4: deiraisetonuts folded before Flop (didn't bet)
Seat 5: neggativz folded before Flop (didn't bet)
Seat 6: WARTANOFF (button) folded before Flop (didn't bet)
Seat 7: WogaWogaWoga (small blind) folded before Flop
Seat 8: maminhas69 (big blind) folded before Flop



PokerStars Hand #248821019403: Tournament #3704767522, €13.50+€13.50+€3.00 EUR Hold'em No Limit - Level VIII (125/250) - 2024/02/11 14:20:47 BRT [2024/02/11 12:20:47 ET]
Table '3704767522 74' 8-max Seat #7 is the button
Seat 1: lasco34400 (29627 in chips, €13.50 bounty) 
Seat 2: Bphrygian (18104 in chips, €13.50 bounty) 
Seat 3: TheyCallMeJanus (38779 in chips, €13.50 bounty) 
Seat 4: deiraisetonuts (18008 in chips, €13.50 bounty) 
Seat 5: neggativz (22432 in chips, €13.50 bounty) 
Seat 6: WARTANOFF (15733 in chips, €13.50 bounty) 
Seat 7: WogaWogaWoga (18655 in chips, €13.50 bounty) 
Seat 8: maminhas69 (40176 in chips, €27 bounty) 
lasco34400: posts the ante 30
Bphrygian: posts the ante 30
TheyCallMeJanus: posts the ante 30
deiraisetonuts: posts the ante 30
neggativz: posts the ante 30
WARTANOFF: posts the ante 30
WogaWogaWoga: posts the ante 30
maminhas69: posts the ante 30
maminhas69: posts small blind 125
lasco34400: posts big blind 250
*** HOLE CARDS ***
Dealt to deiraisetonuts [6d 4d]
Bphrygian: raises 250 to 500
TheyCallMeJanus: folds 
deiraisetonuts: folds 
neggativz: folds 
WARTANOFF: folds 
WogaWogaWoga: calls 500
maminhas69: folds 
lasco34400: raises 3500 to 4000
Bphrygian: folds 
WogaWogaWoga: folds 
Uncalled bet (3500) returned to lasco34400
lasco34400 collected 1865 from pot
lasco34400: doesn't show hand 
*** SUMMARY ***
Total pot 1865 | Rake 0 
Seat 1: lasco34400 (big blind) collected (1865)
Seat 2: Bphrygian folded before Flop
Seat 3: TheyCallMeJanus folded before Flop (didn't bet)
Seat 4: deiraisetonuts folded before Flop (didn't bet)
Seat 5: neggativz folded before Flop (didn't bet)
Seat 6: WARTANOFF folded before Flop (didn't bet)
Seat 7: WogaWogaWoga (button) folded before Flop
Seat 8: maminhas69 (small blind) folded before Flop



PokerStars Hand #248821037929: Tournament #3704767522, €13.50+€13.50+€3.00 EUR Hold'em No Limit - Level VIII (125/250) - 2024/02/11 14:21:38 BRT [2024/02/11 12:21:38 ET]
Table '3704767522 74' 8-max Seat #8 is the button
Seat 1: lasco34400 (30962 in chips, €13.50 bounty) 
Seat 2: Bphrygian (17574 in chips, €13.50 bounty) 
Seat 3: TheyCallMeJanus (38749 in chips, €13.50 bounty) 
Seat 4: deiraisetonuts (17978 in chips, €13.50 bounty) 
Seat 5: neggativz (22402 in chips, €13.50 bounty) 
Seat 6: WARTANOFF (15703 in chips, €13.50 bounty) 
Seat 7: WogaWogaWoga (18125 in chips, €13.50 bounty) 
Seat 8: maminhas69 (40021 in chips, €27 bounty) 
lasco34400: posts the ante 30
Bphrygian: posts the ante 30
TheyCallMeJanus: posts the ante 30
deiraisetonuts: posts the ante 30
neggativz: posts the ante 30
WARTANOFF: posts the ante 30
WogaWogaWoga: posts the ante 30
maminhas69: posts the ante 30
lasco34400: posts small blind 125
Bphrygian: posts big blind 250
*** HOLE CARDS ***
Dealt to deiraisetonuts [Td Qs]
TheyCallMeJanus: folds 
deiraisetonuts: raises 275 to 525
neggativz: folds 
WARTANOFF: folds 
WogaWogaWoga: folds 
maminhas69: calls 525
lasco34400: raises 2315 to 2840
Bphrygian: folds 
deiraisetonuts: folds 
maminhas69: calls 2315
*** FLOP *** [8c Kh 2s]
lasco34400: bets 3348
maminhas69: folds 
Uncalled bet (3348) returned to lasco34400
lasco34400 collected 6695 from pot
lasco34400: doesn't show hand 
*** SUMMARY ***
Total pot 6695 | Rake 0 
Board [8c Kh 2s]
Seat 1: lasco34400 (small blind) collected (6695)
Seat 2: Bphrygian (big blind) folded before Flop
Seat 3: TheyCallMeJanus folded before Flop (didn't bet)
Seat 4: deiraisetonuts folded before Flop
Seat 5: neggativz folded before Flop (didn't bet)
Seat 6: WARTANOFF folded before Flop (didn't bet)
Seat 7: WogaWogaWoga folded before Flop (didn't bet)
Seat 8: maminhas69 (button) folded on the Flop



PokerStars Hand #248821060620: Tournament #3704767522, €13.50+€13.50+€3.00 EUR Hold'em No Limit - Level VIII (125/250) - 2024/02/11 14:22:40 BRT [2024/02/11 12:22:40 ET]
Table '3704767522 74' 8-max Seat #1 is the button
Seat 1: lasco34400 (34787 in chips, €13.50 bounty) 
Seat 2: Bphrygian (17294 in chips, €13.50 bounty) 
Seat 3: TheyCallMeJanus (38719 in chips, €13.50 bounty) 
Seat 4: deiraisetonuts (17423 in chips, €13.50 bounty) 
Seat 5: neggativz (22372 in chips, €13.50 bounty) 
Seat 6: WARTANOFF (15673 in chips, €13.50 bounty) 
Seat 7: WogaWogaWoga (18095 in chips, €13.50 bounty) 
Seat 8: maminhas69 (37151 in chips, €27 bounty) 
lasco34400: posts the ante 30
Bphrygian: posts the ante 30
TheyCallMeJanus: posts the ante 30
deiraisetonuts: posts the ante 30
neggativz: posts the ante 30
WARTANOFF: posts the ante 30
WogaWogaWoga: posts the ante 30
maminhas69: posts the ante 30
Bphrygian: posts small blind 125
TheyCallMeJanus: posts big blind 250
*** HOLE CARDS ***
Dealt to deiraisetonuts [5h 9c]
deiraisetonuts: folds 
neggativz: folds 
WARTANOFF: raises 250 to 500
WogaWogaWoga: folds 
maminhas69: raises 1500 to 2000
lasco34400: folds 
Bphrygian: folds 
TheyCallMeJanus: folds 
WARTANOFF: calls 1500
*** FLOP *** [Ad Ks 2d]
WARTANOFF: checks 
maminhas69: bets 1157
WARTANOFF: folds 
Uncalled bet (1157) returned to maminhas69
maminhas69 collected 4615 from pot
*** SUMMARY ***
Total pot 4615 | Rake 0 
Board [Ad Ks 2d]
Seat 1: lasco34400 (button) folded before Flop (didn't bet)
Seat 2: Bphrygian (small blind) folded before Flop
Seat 3: TheyCallMeJanus (big blind) folded before Flop
Seat 4: deiraisetonuts folded before Flop (didn't bet)
Seat 5: neggativz folded before Flop (didn't bet)
Seat 6: WARTANOFF folded on the Flop
Seat 7: WogaWogaWoga folded before Flop (didn't bet)
Seat 8: maminhas69 collected (4615)



PokerStars Hand #248821081633: Tournament #3704767522, €13.50+€13.50+€3.00 EUR Hold'em No Limit - Level VIII (125/250) - 2024/02/11 14:23:38 BRT [2024/02/11 12:23:38 ET]
Table '3704767522 74' 8-max Seat #2 is the button
Seat 1: lasco34400 (34757 in chips, €13.50 bounty) 
Seat 2: Bphrygian (17139 in chips, €13.50 bounty) 
Seat 3: TheyCallMeJanus (38439 in chips, €13.50 bounty) 
Seat 4: deiraisetonuts (17393 in chips, €13.50 bounty) 
Seat 5: neggativz (22342 in chips, €13.50 bounty) 
Seat 6: WARTANOFF (13643 in chips, €13.50 bounty) 
Seat 7: WogaWogaWoga (18065 in chips, €13.50 bounty) 
Seat 8: maminhas69 (39736 in chips, €27 bounty) 
lasco34400: posts the ante 30
Bphrygian: posts the ante 30
TheyCallMeJanus: posts the ante 30
deiraisetonuts: posts the ante 30
neggativz: posts the ante 30
WARTANOFF: posts the ante 30
WogaWogaWoga: posts the ante 30
maminhas69: posts the ante 30
TheyCallMeJanus: posts small blind 125
deiraisetonuts: posts big blind 250
*** HOLE CARDS ***
Dealt to deiraisetonuts [3c 5h]
neggativz: folds 
WARTANOFF: raises 250 to 500
WogaWogaWoga: raises 1000 to 1500
maminhas69: folds 
lasco34400: folds 
Bphrygian: folds 
TheyCallMeJanus: folds 
deiraisetonuts: folds 
WARTANOFF: folds 
Uncalled bet (1000) returned to WogaWogaWoga
WogaWogaWoga collected 1615 from pot
WogaWogaWoga: doesn't show hand 
*** SUMMARY ***
Total pot 1615 | Rake 0 
Seat 1: lasco34400 folded before Flop (didn't bet)
Seat 2: Bphrygian (button) folded before Flop (didn't bet)
Seat 3: TheyCallMeJanus (small blind) folded before Flop
Seat 4: deiraisetonuts (big blind) folded before Flop
Seat 5: neggativz folded before Flop (didn't bet)
Seat 6: WARTANOFF folded before Flop
Seat 7: WogaWogaWoga collected (1615)
Seat 8: maminhas69 folded before Flop (didn't bet)



PokerStars Hand #248821094914: Tournament #3704767522, €13.50+€13.50+€3.00 EUR Hold'em No Limit - Level VIII (125/250) - 2024/02/11 14:24:15 BRT [2024/02/11 12:24:15 ET]
Table '3704767522 74' 8-max Seat #3 is the button
Seat 1: lasco34400 (34727 in chips, €13.50 bounty) 
Seat 2: Bphrygian (17109 in chips, €13.50 bounty) 
Seat 3: TheyCallMeJanus (38284 in chips, €13.50 bounty) 
Seat 4: deiraisetonuts (17113 in chips, €13.50 bounty) 
Seat 5: neggativz (22312 in chips, €13.50 bounty) 
Seat 6: WARTANOFF (13113 in chips, €13.50 bounty) 
Seat 7: WogaWogaWoga (19150 in chips, €13.50 bounty) 
Seat 8: maminhas69 (39706 in chips, €27 bounty) 
lasco34400: posts the ante 30
Bphrygian: posts the ante 30
TheyCallMeJanus: posts the ante 30
deiraisetonuts: posts the ante 30
neggativz: posts the ante 30
WARTANOFF: posts the ante 30
WogaWogaWoga: posts the ante 30
maminhas69: posts the ante 30
deiraisetonuts: posts small blind 125
neggativz: posts big blind 250
*** HOLE CARDS ***
Dealt to deiraisetonuts [Jh 9s]
WARTANOFF: raises 250 to 500
WogaWogaWoga: folds 
maminhas69: folds 
lasco34400: calls 500
Bphrygian: calls 500
TheyCallMeJanus: folds 
deiraisetonuts: folds 
neggativz: folds 
*** FLOP *** [Qc Js 3c]
WARTANOFF: checks 
lasco34400: checks 
Bphrygian: bets 698
WARTANOFF: folds 
lasco34400: calls 698
*** TURN *** [Qc Js 3c] [Th]
lasco34400: checks 
Bphrygian: bets 3250
lasco34400: folds 
Uncalled bet (3250) returned to Bphrygian
Bphrygian collected 3511 from pot
Bphrygian: doesn't show hand 
*** SUMMARY ***
Total pot 3511 | Rake 0 
Board [Qc Js 3c Th]
Seat 1: lasco34400 folded on the Turn
Seat 2: Bphrygian collected (3511)
Seat 3: TheyCallMeJanus (button) folded before Flop (didn't bet)
Seat 4: deiraisetonuts (small blind) folded before Flop
Seat 5: neggativz (big blind) folded before Flop
Seat 6: WARTANOFF folded on the Flop
Seat 7: WogaWogaWoga folded before Flop (didn't bet)
Seat 8: maminhas69 folded before Flop (didn't bet)



PokerStars Hand #248821109081: Tournament #3704767522, €13.50+€13.50+€3.00 EUR Hold'em No Limit - Level VIII (125/250) - 2024/02/11 14:24:53 BRT [2024/02/11 12:24:53 ET]
Table '3704767522 74' 8-max Seat #4 is the button
Seat 1: lasco34400 (33499 in chips, €13.50 bounty) 
Seat 2: Bphrygian (19392 in chips, €13.50 bounty) 
Seat 3: TheyCallMeJanus (38254 in chips, €13.50 bounty) 
Seat 4: deiraisetonuts (16958 in chips, €13.50 bounty) 
Seat 5: neggativz (22032 in chips, €13.50 bounty) 
Seat 6: WARTANOFF (12583 in chips, €13.50 bounty) 
Seat 7: WogaWogaWoga (19120 in chips, €13.50 bounty) 
Seat 8: maminhas69 (39676 in chips, €27 bounty) 
lasco34400: posts the ante 30
Bphrygian: posts the ante 30
TheyCallMeJanus: posts the ante 30
deiraisetonuts: posts the ante 30
neggativz: posts the ante 30
WARTANOFF: posts the ante 30
WogaWogaWoga: posts the ante 30
maminhas69: posts the ante 30
neggativz: posts small blind 125
WARTANOFF: posts big blind 250
*** HOLE CARDS ***
Dealt to deiraisetonuts [5s 6d]
WogaWogaWoga: raises 300 to 550
maminhas69: folds 
lasco34400: calls 550
Bphrygian: folds 
TheyCallMeJanus: folds 
deiraisetonuts: folds 
neggativz: folds 
WARTANOFF: folds 
*** FLOP *** [As 7d Ad]
WogaWogaWoga: bets 566
lasco34400: folds 
Uncalled bet (566) returned to WogaWogaWoga
WogaWogaWoga collected 1715 from pot
WogaWogaWoga: doesn't show hand 
*** SUMMARY ***
Total pot 1715 | Rake 0 
Board [As 7d Ad]
Seat 1: lasco34400 folded on the Flop
Seat 2: Bphrygian folded before Flop (didn't bet)
Seat 3: TheyCallMeJanus folded before Flop (didn't bet)
Seat 4: deiraisetonuts (button) folded before Flop (didn't bet)
Seat 5: neggativz (small blind) folded before Flop
Seat 6: WARTANOFF (big blind) folded before Flop
Seat 7: WogaWogaWoga collected (1715)
Seat 8: maminhas69 folded before Flop (didn't bet)



PokerStars Hand #248821122790: Tournament #3704767522, €13.50+€13.50+€3.00 EUR Hold'em No Limit - Level VIII (125/250) - 2024/02/11 14:25:31 BRT [2024/02/11 12:25:31 ET]
Table '3704767522 74' 8-max Seat #5 is the button
Seat 1: lasco34400 (32919 in chips, €13.50 bounty) 
Seat 2: Bphrygian (19362 in chips, €13.50 bounty) 
Seat 3: TheyCallMeJanus (38224 in chips, €13.50 bounty) 
Seat 4: deiraisetonuts (16928 in chips, €13.50 bounty) 
Seat 5: neggativz (21877 in chips, €13.50 bounty) 
Seat 6: WARTANOFF (12303 in chips, €13.50 bounty) 
Seat 7: WogaWogaWoga (20255 in chips, €13.50 bounty) 
Seat 8: maminhas69 (39646 in chips, €27 bounty) 
lasco34400: posts the ante 30
Bphrygian: posts the ante 30
TheyCallMeJanus: posts the ante 30
deiraisetonuts: posts the ante 30
neggativz: posts the ante 30
WARTANOFF: posts the ante 30
WogaWogaWoga: posts the ante 30
maminhas69: posts the ante 30
WARTANOFF: posts small blind 125
WogaWogaWoga: posts big blind 250
*** HOLE CARDS ***
Dealt to deiraisetonuts [As 4s]
maminhas69: raises 275 to 525
lasco34400: calls 525
Bphrygian: folds 
TheyCallMeJanus: folds 
deiraisetonuts: calls 525
neggativz: folds 
WARTANOFF: folds 
WogaWogaWoga: folds 
*** FLOP *** [8c 2d Kd]
maminhas69: checks 
lasco34400: bets 750
deiraisetonuts: folds 
maminhas69: raises 1250 to 2000
lasco34400: calls 1250
*** TURN *** [8c 2d Kd] [8d]
maminhas69: checks 
lasco34400: bets 1250
maminhas69: folds 
Uncalled bet (1250) returned to lasco34400
lasco34400 collected 6190 from pot
lasco34400: doesn't show hand 
*** SUMMARY ***
Total pot 6190 | Rake 0 
Board [8c 2d Kd 8d]
Seat 1: lasco34400 collected (6190)
Seat 2: Bphrygian folded before Flop (didn't bet)
Seat 3: TheyCallMeJanus folded before Flop (didn't bet)
Seat 4: deiraisetonuts folded on the Flop
Seat 5: neggativz (button) folded before Flop (didn't bet)
Seat 6: WARTANOFF (small blind) folded before Flop
Seat 7: WogaWogaWoga (big blind) folded before Flop
Seat 8: maminhas69 folded on the Turn



PokerStars Hand #248821163123: Tournament #3704767522, €13.50+€13.50+€3.00 EUR Hold'em No Limit - Level VIII (125/250) - 2024/02/11 14:27:21 BRT [2024/02/11 12:27:21 ET]
Table '3704767522 74' 8-max Seat #6 is the button
Seat 1: lasco34400 (36554 in chips, €13.50 bounty) 
Seat 2: Bphrygian (19332 in chips, €13.50 bounty) 
Seat 3: TheyCallMeJanus (38194 in chips, €13.50 bounty) 
Seat 4: deiraisetonuts (16373 in chips, €13.50 bounty) 
Seat 5: neggativz (21847 in chips, €13.50 bounty) 
Seat 6: WARTANOFF (12148 in chips, €13.50 bounty) 
Seat 7: WogaWogaWoga (19975 in chips, €13.50 bounty) 
Seat 8: maminhas69 (37091 in chips, €27 bounty) 
lasco34400: posts the ante 30
Bphrygian: posts the ante 30
TheyCallMeJanus: posts the ante 30
deiraisetonuts: posts the ante 30
neggativz: posts the ante 30
WARTANOFF: posts the ante 30
WogaWogaWoga: posts the ante 30
maminhas69: posts the ante 30
WogaWogaWoga: posts small blind 125
maminhas69: posts big blind 250
*** HOLE CARDS ***
Dealt to deiraisetonuts [Jh Kc]
lasco34400: folds 
Bphrygian: folds 
TheyCallMeJanus: folds 
deiraisetonuts: raises 275 to 525
neggativz: folds 
WARTANOFF: folds 
WogaWogaWoga: folds 
maminhas69: raises 1475 to 2000
deiraisetonuts: folds 
Uncalled bet (1475) returned to maminhas69
maminhas69 collected 1415 from pot
*** SUMMARY ***
Total pot 1415 | Rake 0 
Seat 1: lasco34400 folded before Flop (didn't bet)
Seat 2: Bphrygian folded before Flop (didn't bet)
Seat 3: TheyCallMeJanus folded before Flop (didn't bet)
Seat 4: deiraisetonuts folded before Flop
Seat 5: neggativz folded before Flop (didn't bet)
Seat 6: WARTANOFF (button) folded before Flop (didn't bet)
Seat 7: WogaWogaWoga (small blind) folded before Flop
Seat 8: maminhas69 (big blind) collected (1415)



PokerStars Hand #248821187291: Tournament #3704767522, €13.50+€13.50+€3.00 EUR Hold'em No Limit - Level IX (150/300) - 2024/02/11 14:28:26 BRT [2024/02/11 12:28:26 ET]
Table '3704767522 74' 8-max Seat #7 is the button
Seat 1: lasco34400 (36524 in chips, €13.50 bounty) 
Seat 2: Bphrygian (19302 in chips, €13.50 bounty) 
Seat 3: TheyCallMeJanus (38164 in chips, €13.50 bounty) 
Seat 4: deiraisetonuts (15818 in chips, €13.50 bounty) 
Seat 5: neggativz (21817 in chips, €13.50 bounty) 
Seat 6: WARTANOFF (12118 in chips, €13.50 bounty) 
Seat 7: WogaWogaWoga (19820 in chips, €13.50 bounty) 
Seat 8: maminhas69 (37951 in chips, €27 bounty) 
lasco34400: posts the ante 40
Bphrygian: posts the ante 40
TheyCallMeJanus: posts the ante 40
deiraisetonuts: posts the ante 40
neggativz: posts the ante 40
WARTANOFF: posts the ante 40
WogaWogaWoga: posts the ante 40
maminhas69: posts the ante 40
maminhas69: posts small blind 150
lasco34400: posts big blind 300
*** HOLE CARDS ***
Dealt to deiraisetonuts [7d Jh]
Bphrygian: folds 
TheyCallMeJanus: folds 
deiraisetonuts: folds 
neggativz: folds 
WARTANOFF: folds 
WogaWogaWoga: raises 360 to 660
maminhas69: folds 
lasco34400: calls 360
*** FLOP *** [5c Qh 8d]
lasco34400: checks 
WogaWogaWoga: bets 600
lasco34400: folds 
Uncalled bet (600) returned to WogaWogaWoga
WogaWogaWoga collected 1790 from pot
WogaWogaWoga: doesn't show hand 
*** SUMMARY ***
Total pot 1790 | Rake 0 
Board [5c Qh 8d]
Seat 1: lasco34400 (big blind) folded on the Flop
Seat 2: Bphrygian folded before Flop (didn't bet)
Seat 3: TheyCallMeJanus folded before Flop (didn't bet)
Seat 4: deiraisetonuts folded before Flop (didn't bet)
Seat 5: neggativz folded before Flop (didn't bet)
Seat 6: WARTANOFF folded before Flop (didn't bet)
Seat 7: WogaWogaWoga (button) collected (1790)
Seat 8: maminhas69 (small blind) folded before Flop



PokerStars Hand #248821203929: Tournament #3704767522, €13.50+€13.50+€3.00 EUR Hold'em No Limit - Level IX (150/300) - 2024/02/11 14:29:11 BRT [2024/02/11 12:29:11 ET]
Table '3704767522 74' 8-max Seat #8 is the button
Seat 1: lasco34400 (35824 in chips, €13.50 bounty) 
Seat 2: Bphrygian (19262 in chips, €13.50 bounty) 
Seat 3: TheyCallMeJanus (38124 in chips, €13.50 bounty) 
Seat 4: deiraisetonuts (15778 in chips, €13.50 bounty) 
Seat 5: neggativz (21777 in chips, €13.50 bounty) 
Seat 6: WARTANOFF (12078 in chips, €13.50 bounty) 
Seat 7: WogaWogaWoga (20910 in chips, €13.50 bounty) 
Seat 8: maminhas69 (37761 in chips, €27 bounty) 
lasco34400: posts the ante 40
Bphrygian: posts the ante 40
TheyCallMeJanus: posts the ante 40
deiraisetonuts: posts the ante 40
neggativz: posts the ante 40
WARTANOFF: posts the ante 40
WogaWogaWoga: posts the ante 40
maminhas69: posts the ante 40
lasco34400: posts small blind 150
Bphrygian: posts big blind 300
*** HOLE CARDS ***
Dealt to deiraisetonuts [4d Jd]
TheyCallMeJanus: folds 
deiraisetonuts: folds 
neggativz: folds 
WARTANOFF: raises 300 to 600
WogaWogaWoga: folds 
maminhas69: folds 
lasco34400: calls 450
Bphrygian: folds 
*** FLOP *** [9c 8d 2h]
lasco34400: bets 1820
WARTANOFF: folds 
Uncalled bet (1820) returned to lasco34400
lasco34400 collected 1820 from pot
lasco34400: doesn't show hand 
*** SUMMARY ***
Total pot 1820 | Rake 0 
Board [9c 8d 2h]
Seat 1: lasco34400 (small blind) collected (1820)
Seat 2: Bphrygian (big blind) folded before Flop
Seat 3: TheyCallMeJanus folded before Flop (didn't bet)
Seat 4: deiraisetonuts folded before Flop (didn't bet)
Seat 5: neggativz folded before Flop (didn't bet)
Seat 6: WARTANOFF folded on the Flop
Seat 7: WogaWogaWoga folded before Flop (didn't bet)
Seat 8: maminhas69 (button) folded before Flop (didn't bet)



PokerStars Hand #248821229317: Tournament #3704767522, €13.50+€13.50+€3.00 EUR Hold'em No Limit - Level IX (150/300) - 2024/02/11 14:30:20 BRT [2024/02/11 12:30:20 ET]
Table '3704767522 74' 8-max Seat #1 is the button
Seat 1: lasco34400 (37004 in chips, €13.50 bounty) 
Seat 2: Bphrygian (18922 in chips, €13.50 bounty) 
Seat 3: TheyCallMeJanus (38084 in chips, €13.50 bounty) 
Seat 4: deiraisetonuts (15738 in chips, €13.50 bounty) 
Seat 5: neggativz (21737 in chips, €13.50 bounty) 
Seat 6: WARTANOFF (11438 in chips, €13.50 bounty) 
Seat 7: WogaWogaWoga (20870 in chips, €13.50 bounty) 
Seat 8: maminhas69 (37721 in chips, €27 bounty) 
lasco34400: posts the ante 40
Bphrygian: posts the ante 40
TheyCallMeJanus: posts the ante 40
deiraisetonuts: posts the ante 40
neggativz: posts the ante 40
WARTANOFF: posts the ante 40
WogaWogaWoga: posts the ante 40
maminhas69: posts the ante 40
Bphrygian: posts small blind 150
TheyCallMeJanus: posts big blind 300
*** HOLE CARDS ***
Dealt to deiraisetonuts [As 2h]
deiraisetonuts: folds 
neggativz: folds 
WARTANOFF: raises 300 to 600
WogaWogaWoga: folds 
maminhas69: folds 
lasco34400: folds 
Bphrygian: raises 2100 to 2700
TheyCallMeJanus: raises 2100 to 4800
WARTANOFF: folds 
Bphrygian: calls 2100
*** FLOP *** [Kh 4d 9c]
Bphrygian: checks 
TheyCallMeJanus: checks 
*** TURN *** [Kh 4d 9c] [3h]
Bphrygian: bets 2700
TheyCallMeJanus: folds 
Uncalled bet (2700) returned to Bphrygian
Bphrygian collected 10520 from pot
Bphrygian: doesn't show hand 
*** SUMMARY ***
Total pot 10520 | Rake 0 
Board [Kh 4d 9c 3h]
Seat 1: lasco34400 (button) folded before Flop (didn't bet)
Seat 2: Bphrygian (small blind) collected (10520)
Seat 3: TheyCallMeJanus (big blind) folded on the Turn
Seat 4: deiraisetonuts folded before Flop (didn't bet)
Seat 5: neggativz folded before Flop (didn't bet)
Seat 6: WARTANOFF folded before Flop
Seat 7: WogaWogaWoga folded before Flop (didn't bet)
Seat 8: maminhas69 folded before Flop (didn't bet)



PokerStars Hand #248821260686: Tournament #3704767522, €13.50+€13.50+€3.00 EUR Hold'em No Limit - Level IX (150/300) - 2024/02/11 14:31:45 BRT [2024/02/11 12:31:45 ET]
Table '3704767522 74' 8-max Seat #2 is the button
Seat 1: lasco34400 (36964 in chips, €13.50 bounty) 
Seat 2: Bphrygian (24602 in chips, €13.50 bounty) 
Seat 3: TheyCallMeJanus (33244 in chips, €13.50 bounty) 
Seat 4: deiraisetonuts (15698 in chips, €13.50 bounty) 
Seat 5: neggativz (21697 in chips, €13.50 bounty) 
Seat 6: WARTANOFF (10798 in chips, €13.50 bounty) 
Seat 7: WogaWogaWoga (20830 in chips, €13.50 bounty) 
Seat 8: maminhas69 (37681 in chips, €27 bounty) 
lasco34400: posts the ante 40
Bphrygian: posts the ante 40
TheyCallMeJanus: posts the ante 40
deiraisetonuts: posts the ante 40
neggativz: posts the ante 40
WARTANOFF: posts the ante 40
WogaWogaWoga: posts the ante 40
maminhas69: posts the ante 40
TheyCallMeJanus: posts small blind 150
deiraisetonuts: posts big blind 300
*** HOLE CARDS ***
Dealt to deiraisetonuts [Th 5s]
neggativz: raises 300 to 600
WARTANOFF: folds 
WogaWogaWoga: folds 
maminhas69: folds 
lasco34400: folds 
Bphrygian: folds 
TheyCallMeJanus: calls 450
deiraisetonuts: folds 
*** FLOP *** [8d 7d Qh]
TheyCallMeJanus: checks 
neggativz: checks 
*** TURN *** [8d 7d Qh] [9c]
TheyCallMeJanus: checks 
neggativz: checks 
*** RIVER *** [8d 7d Qh 9c] [Jh]
TheyCallMeJanus: bets 1820
neggativz: folds 
Uncalled bet (1820) returned to TheyCallMeJanus
TheyCallMeJanus collected 1820 from pot
TheyCallMeJanus: doesn't show hand 
*** SUMMARY ***
Total pot 1820 | Rake 0 
Board [8d 7d Qh 9c Jh]
Seat 1: lasco34400 folded before Flop (didn't bet)
Seat 2: Bphrygian (button) folded before Flop (didn't bet)
Seat 3: TheyCallMeJanus (small blind) collected (1820)
Seat 4: deiraisetonuts (big blind) folded before Flop
Seat 5: neggativz folded on the River
Seat 6: WARTANOFF folded before Flop (didn't bet)
Seat 7: WogaWogaWoga folded before Flop (didn't bet)
Seat 8: maminhas69 folded before Flop (didn't bet)



PokerStars Hand #248821277514: Tournament #3704767522, €13.50+€13.50+€3.00 EUR Hold'em No Limit - Level IX (150/300) - 2024/02/11 14:32:29 BRT [2024/02/11 12:32:29 ET]
Table '3704767522 74' 8-max Seat #3 is the button
Seat 1: lasco34400 (36924 in chips, €13.50 bounty) 
Seat 2: Bphrygian (24562 in chips, €13.50 bounty) 
Seat 3: TheyCallMeJanus (34424 in chips, €13.50 bounty) 
Seat 4: deiraisetonuts (15358 in chips, €13.50 bounty) 
Seat 5: neggativz (21057 in chips, €13.50 bounty) 
Seat 6: WARTANOFF (10758 in chips, €13.50 bounty) 
Seat 7: WogaWogaWoga (20790 in chips, €13.50 bounty) 
Seat 8: maminhas69 (37641 in chips, €27 bounty) 
lasco34400: posts the ante 40
Bphrygian: posts the ante 40
TheyCallMeJanus: posts the ante 40
deiraisetonuts: posts the ante 40
neggativz: posts the ante 40
WARTANOFF: posts the ante 40
WogaWogaWoga: posts the ante 40
maminhas69: posts the ante 40
deiraisetonuts: posts small blind 150
neggativz: posts big blind 300
*** HOLE CARDS ***
Dealt to deiraisetonuts [2d Kd]
WARTANOFF: folds 
WogaWogaWoga: folds 
maminhas69: folds 
lasco34400: folds 
Bphrygian: folds 
TheyCallMeJanus: raises 456 to 756
deiraisetonuts: folds 
neggativz: folds 
Uncalled bet (456) returned to TheyCallMeJanus
TheyCallMeJanus collected 1070 from pot
TheyCallMeJanus: doesn't show hand 
*** SUMMARY ***
Total pot 1070 | Rake 0 
Seat 1: lasco34400 folded before Flop (didn't bet)
Seat 2: Bphrygian folded before Flop (didn't bet)
Seat 3: TheyCallMeJanus (button) collected (1070)
Seat 4: deiraisetonuts (small blind) folded before Flop
Seat 5: neggativz (big blind) folded before Flop
Seat 6: WARTANOFF folded before Flop (didn't bet)
Seat 7: WogaWogaWoga folded before Flop (didn't bet)
Seat 8: maminhas69 folded before Flop (didn't bet)



PokerStars Hand #248821291423: Tournament #3704767522, €13.50+€13.50+€3.00 EUR Hold'em No Limit - Level IX (150/300) - 2024/02/11 14:33:07 BRT [2024/02/11 12:33:07 ET]
Table '3704767522 74' 8-max Seat #4 is the button
Seat 1: lasco34400 (36884 in chips, €13.50 bounty) 
Seat 2: Bphrygian (24522 in chips, €13.50 bounty) 
Seat 3: TheyCallMeJanus (35154 in chips, €13.50 bounty) 
Seat 4: deiraisetonuts (15168 in chips, €13.50 bounty) 
Seat 5: neggativz (20717 in chips, €13.50 bounty) 
Seat 6: WARTANOFF (10718 in chips, €13.50 bounty) 
Seat 7: WogaWogaWoga (20750 in chips, €13.50 bounty) 
Seat 8: maminhas69 (37601 in chips, €27 bounty) 
lasco34400: posts the ante 40
Bphrygian: posts the ante 40
TheyCallMeJanus: posts the ante 40
deiraisetonuts: posts the ante 40
neggativz: posts the ante 40
WARTANOFF: posts the ante 40
WogaWogaWoga: posts the ante 40
maminhas69: posts the ante 40
neggativz: posts small blind 150
WARTANOFF: posts big blind 300
*** HOLE CARDS ***
Dealt to deiraisetonuts [Ad 8c]
WogaWogaWoga: folds 
maminhas69: raises 330 to 630
lasco34400: folds 
Bphrygian: folds 
TheyCallMeJanus: folds 
deiraisetonuts: folds 
neggativz: folds 
WARTANOFF: folds 
Uncalled bet (330) returned to maminhas69
maminhas69 collected 1070 from pot
*** SUMMARY ***
Total pot 1070 | Rake 0 
Seat 1: lasco34400 folded before Flop (didn't bet)
Seat 2: Bphrygian folded before Flop (didn't bet)
Seat 3: TheyCallMeJanus folded before Flop (didn't bet)
Seat 4: deiraisetonuts (button) folded before Flop (didn't bet)
Seat 5: neggativz (small blind) folded before Flop
Seat 6: WARTANOFF (big blind) folded before Flop
Seat 7: WogaWogaWoga folded before Flop (didn't bet)
Seat 8: maminhas69 collected (1070)



PokerStars Hand #248821307705: Tournament #3704767522, €13.50+€13.50+€3.00 EUR Hold'em No Limit - Level IX (150/300) - 2024/02/11 14:33:51 BRT [2024/02/11 12:33:51 ET]
Table '3704767522 74' 8-max Seat #5 is the button
Seat 1: lasco34400 (36844 in chips, €13.50 bounty) 
Seat 2: Bphrygian (24482 in chips, €13.50 bounty) 
Seat 3: TheyCallMeJanus (35114 in chips, €13.50 bounty) 
Seat 4: deiraisetonuts (15128 in chips, €13.50 bounty) 
Seat 5: neggativz (20527 in chips, €13.50 bounty) 
Seat 6: WARTANOFF (10378 in chips, €13.50 bounty) 
Seat 7: WogaWogaWoga (20710 in chips, €13.50 bounty) 
Seat 8: maminhas69 (38331 in chips, €27 bounty) 
lasco34400: posts the ante 40
Bphrygian: posts the ante 40
TheyCallMeJanus: posts the ante 40
deiraisetonuts: posts the ante 40
neggativz: posts the ante 40
WARTANOFF: posts the ante 40
WogaWogaWoga: posts the ante 40
maminhas69: posts the ante 40
WARTANOFF: posts small blind 150
WogaWogaWoga: posts big blind 300
*** HOLE CARDS ***
Dealt to deiraisetonuts [7c Kd]
maminhas69: folds 
lasco34400: folds 
Bphrygian: folds 
TheyCallMeJanus: folds 
deiraisetonuts: folds 
neggativz: raises 300 to 600
WARTANOFF: folds 
WogaWogaWoga: raises 1800 to 2400
neggativz: calls 1800
*** FLOP *** [Js Qs 4d]
WogaWogaWoga: bets 2400
neggativz: calls 2400
*** TURN *** [Js Qs 4d] [2c]
WogaWogaWoga: bets 15870 and is all-in
neggativz: calls 15687 and is all-in
Uncalled bet (183) returned to WogaWogaWoga
*** RIVER *** [Js Qs 4d 2c] [9d]
*** SHOW DOWN ***
WogaWogaWoga: shows [9h Qc] (two pair, Queens and Nines)
neggativz: shows [Qh Th] (a pair of Queens)
WogaWogaWoga collected 41444 from pot
WogaWogaWoga wins €6.75 for eliminating neggativz and their own bounty increases by €6.75 to €20.25
neggativz finished the tournament
*** SUMMARY ***
Total pot 41444 | Rake 0 
Board [Js Qs 4d 2c 9d]
Seat 1: lasco34400 folded before Flop (didn't bet)
Seat 2: Bphrygian folded before Flop (didn't bet)
Seat 3: TheyCallMeJanus folded before Flop (didn't bet)
Seat 4: deiraisetonuts folded before Flop (didn't bet)
Seat 5: neggativz (button) showed [Qh Th] and lost with a pair of Queens
Seat 6: WARTANOFF (small blind) folded before Flop
Seat 7: WogaWogaWoga (big blind) showed [9h Qc] and won (41444) with two pair, Queens and Nines
Seat 8: maminhas69 folded before Flop (didn't bet)



PokerStars Hand #248821330044: Tournament #3704767522, €13.50+€13.50+€3.00 EUR Hold'em No Limit - Level IX (150/300) - 2024/02/11 14:34:51 BRT [2024/02/11 12:34:51 ET]
Table '3704767522 74' 8-max Seat #6 is the button
Seat 1: lasco34400 (36804 in chips, €13.50 bounty) 
Seat 2: Bphrygian (24442 in chips, €13.50 bounty) 
Seat 3: TheyCallMeJanus (35074 in chips, €13.50 bounty) 
Seat 4: deiraisetonuts (15088 in chips, €13.50 bounty) 
Seat 6: WARTANOFF (10188 in chips, €13.50 bounty) 
Seat 7: WogaWogaWoga (41627 in chips, €20.25 bounty) 
Seat 8: maminhas69 (38291 in chips, €27 bounty) 
lasco34400: posts the ante 40
Bphrygian: posts the ante 40
TheyCallMeJanus: posts the ante 40
deiraisetonuts: posts the ante 40
WARTANOFF: posts the ante 40
WogaWogaWoga: posts the ante 40
maminhas69: posts the ante 40
WogaWogaWoga: posts small blind 150
maminhas69: posts big blind 300
*** HOLE CARDS ***
Dealt to deiraisetonuts [8h 8s]
lasco34400: calls 300
Bphrygian: raises 825 to 1125
adrianukr1 is disconnected 
TheyCallMeJanus: folds 
deiraisetonuts: calls 1125
WARTANOFF: folds 
WogaWogaWoga: folds 
maminhas69: folds 
lasco34400: calls 825
*** FLOP *** [3s 5s 7c]
lasco34400: checks 
Bphrygian: bets 1353
deiraisetonuts: calls 1353
lasco34400: calls 1353
*** TURN *** [3s 5s 7c] [2s]
lasco34400: checks 
Bphrygian: checks 
deiraisetonuts: bets 1632
lasco34400: raises 1632 to 3264
Bphrygian: folds 
deiraisetonuts: calls 1632
*** RIVER *** [3s 5s 7c 2s] [Js]
lasco34400: checks 
deiraisetonuts: checks 
*** SHOW DOWN ***
lasco34400: shows [4h Ad] (a straight, Ace to Five)
deiraisetonuts: shows [8h 8s] (a flush, Jack high)
deiraisetonuts collected 14692 from pot
*** SUMMARY ***
Total pot 14692 | Rake 0 
Board [3s 5s 7c 2s Js]
Seat 1: lasco34400 showed [4h Ad] and lost with a straight, Ace to Five
Seat 2: Bphrygian folded on the Turn
Seat 3: TheyCallMeJanus folded before Flop (didn't bet)
Seat 4: deiraisetonuts showed [8h 8s] and won (14692) with a flush, Jack high
Seat 6: WARTANOFF (button) folded before Flop (didn't bet)
Seat 7: WogaWogaWoga (small blind) folded before Flop
Seat 8: maminhas69 (big blind) folded before Flop



PokerStars Hand #248821381250: Tournament #3704767522, €13.50+€13.50+€3.00 EUR Hold'em No Limit - Level IX (150/300) - 2024/02/11 14:37:08 BRT [2024/02/11 12:37:08 ET]
Table '3704767522 74' 8-max Seat #7 is the button
Seat 1: lasco34400 (31022 in chips, €13.50 bounty) 
Seat 2: Bphrygian (21924 in chips, €13.50 bounty) 
Seat 3: TheyCallMeJanus (35034 in chips, €13.50 bounty) 
Seat 4: deiraisetonuts (23998 in chips, €13.50 bounty) 
Seat 5: adrianukr1 (20000 in chips, €13.50 bounty) 
Seat 6: WARTANOFF (10148 in chips, €13.50 bounty) 
Seat 7: WogaWogaWoga (41437 in chips, €20.25 bounty) 
Seat 8: maminhas69 (37951 in chips, €27 bounty) 
lasco34400: posts the ante 40
Bphrygian: posts the ante 40
TheyCallMeJanus: posts the ante 40
deiraisetonuts: posts the ante 40
adrianukr1: posts the ante 40
WARTANOFF: posts the ante 40
WogaWogaWoga: posts the ante 40
maminhas69: posts the ante 40
maminhas69: posts small blind 150
lasco34400: posts big blind 300
*** HOLE CARDS ***
Dealt to deiraisetonuts [3h 4d]
Bphrygian: folds 
TheyCallMeJanus: folds 
deiraisetonuts: folds 
adrianukr1: folds 
WARTANOFF: folds 
WogaWogaWoga: raises 360 to 660
maminhas69: folds 
lasco34400: folds 
Uncalled bet (360) returned to WogaWogaWoga
WogaWogaWoga collected 1070 from pot
WogaWogaWoga: doesn't show hand 
*** SUMMARY ***
Total pot 1070 | Rake 0 
Seat 1: lasco34400 (big blind) folded before Flop
Seat 2: Bphrygian folded before Flop (didn't bet)
Seat 3: TheyCallMeJanus folded before Flop (didn't bet)
Seat 4: deiraisetonuts folded before Flop (didn't bet)
Seat 5: adrianukr1 folded before Flop (didn't bet)
Seat 6: WARTANOFF folded before Flop (didn't bet)
Seat 7: WogaWogaWoga (button) collected (1070)
Seat 8: maminhas69 (small blind) folded before Flop



PokerStars Hand #248821394187: Tournament #3704767522, €13.50+€13.50+€3.00 EUR Hold'em No Limit - Level IX (150/300) - 2024/02/11 14:37:43 BRT [2024/02/11 12:37:43 ET]
Table '3704767522 74' 8-max Seat #8 is the button
Seat 1: lasco34400 (30682 in chips, €13.50 bounty) 
Seat 2: Bphrygian (21884 in chips, €13.50 bounty) 
Seat 3: TheyCallMeJanus (34994 in chips, €13.50 bounty) 
Seat 4: deiraisetonuts (23958 in chips, €13.50 bounty) 
Seat 5: adrianukr1 (19960 in chips, €13.50 bounty) 
Seat 6: WARTANOFF (10108 in chips, €13.50 bounty) 
Seat 7: WogaWogaWoga (42167 in chips, €20.25 bounty) 
Seat 8: maminhas69 (37761 in chips, €27 bounty) 
lasco34400: posts the ante 40
Bphrygian: posts the ante 40
TheyCallMeJanus: posts the ante 40
deiraisetonuts: posts the ante 40
adrianukr1: posts the ante 40
WARTANOFF: posts the ante 40
WogaWogaWoga: posts the ante 40
maminhas69: posts the ante 40
lasco34400: posts small blind 150
Bphrygian: posts big blind 300
*** HOLE CARDS ***
Dealt to deiraisetonuts [2c 2d]
TheyCallMeJanus: folds 
deiraisetonuts: folds 
adrianukr1: raises 450 to 750
WARTANOFF: folds 
WogaWogaWoga: folds 
maminhas69: calls 750
lasco34400: folds 
Bphrygian: folds 
*** FLOP *** [Js 3h Ah]
adrianukr1: checks 
maminhas69: bets 1248
adrianukr1: calls 1248
*** TURN *** [Js 3h Ah] [5h]
adrianukr1: checks 
maminhas69: bets 2625
adrianukr1: folds 
Uncalled bet (2625) returned to maminhas69
maminhas69 collected 4766 from pot
*** SUMMARY ***
Total pot 4766 | Rake 0 
Board [Js 3h Ah 5h]
Seat 1: lasco34400 (small blind) folded before Flop
Seat 2: Bphrygian (big blind) folded before Flop
Seat 3: TheyCallMeJanus folded before Flop (didn't bet)
Seat 4: deiraisetonuts folded before Flop (didn't bet)
Seat 5: adrianukr1 folded on the Turn
Seat 6: WARTANOFF folded before Flop (didn't bet)
Seat 7: WogaWogaWoga folded before Flop (didn't bet)
Seat 8: maminhas69 (button) collected (4766)



PokerStars Hand #248821430774: Tournament #3704767522, €13.50+€13.50+€3.00 EUR Hold'em No Limit - Level X (200/400) - 2024/02/11 14:39:22 BRT [2024/02/11 12:39:22 ET]
Table '3704767522 74' 8-max Seat #1 is the button
Seat 1: lasco34400 (30492 in chips, €13.50 bounty) 
Seat 2: Bphrygian (21544 in chips, €13.50 bounty) 
Seat 3: TheyCallMeJanus (34954 in chips, €13.50 bounty) 
Seat 4: deiraisetonuts (23918 in chips, €13.50 bounty) 
Seat 5: adrianukr1 (17922 in chips, €13.50 bounty) 
Seat 6: WARTANOFF (10068 in chips, €13.50 bounty) 
Seat 7: WogaWogaWoga (42127 in chips, €20.25 bounty) 
Seat 8: maminhas69 (40489 in chips, €27 bounty) 
lasco34400: posts the ante 50
Bphrygian: posts the ante 50
TheyCallMeJanus: posts the ante 50
deiraisetonuts: posts the ante 50
adrianukr1: posts the ante 50
WARTANOFF: posts the ante 50
WogaWogaWoga: posts the ante 50
maminhas69: posts the ante 50
Bphrygian: posts small blind 200
TheyCallMeJanus: posts big blind 400
*** HOLE CARDS ***
Dealt to deiraisetonuts [3c Jc]
deiraisetonuts: folds 
adrianukr1: raises 400 to 800
WARTANOFF: folds 
WogaWogaWoga: folds 
maminhas69: folds 
lasco34400: raises 2600 to 3400
Bphrygian: raises 18094 to 21494 and is all-in
TheyCallMeJanus: folds 
adrianukr1: folds 
lasco34400: calls 18094
*** FLOP *** [7s 2c 3s]
*** TURN *** [7s 2c 3s] [7d]
*** RIVER *** [7s 2c 3s 7d] [4c]
*** SHOW DOWN ***
Bphrygian: shows [Ah Kc] (a pair of Sevens)
lasco34400: shows [Qd Td] (a pair of Sevens - lower kicker)
Bphrygian collected 44588 from pot
*** SUMMARY ***
Total pot 44588 | Rake 0 
Board [7s 2c 3s 7d 4c]
Seat 1: lasco34400 (button) showed [Qd Td] and lost with a pair of Sevens
Seat 2: Bphrygian (small blind) showed [Ah Kc] and won (44588) with a pair of Sevens
Seat 3: TheyCallMeJanus (big blind) folded before Flop
Seat 4: deiraisetonuts folded before Flop (didn't bet)
Seat 5: adrianukr1 folded before Flop
Seat 6: WARTANOFF folded before Flop (didn't bet)
Seat 7: WogaWogaWoga folded before Flop (didn't bet)
Seat 8: maminhas69 folded before Flop (didn't bet)



PokerStars Hand #248821447434: Tournament #3704767522, €13.50+€13.50+€3.00 EUR Hold'em No Limit - Level X (200/400) - 2024/02/11 14:40:07 BRT [2024/02/11 12:40:07 ET]
Table '3704767522 74' 8-max Seat #2 is the button
Seat 1: lasco34400 (8948 in chips, €13.50 bounty) 
Seat 2: Bphrygian (44588 in chips, €13.50 bounty) 
Seat 3: TheyCallMeJanus (34504 in chips, €13.50 bounty) 
Seat 4: deiraisetonuts (23868 in chips, €13.50 bounty) 
Seat 5: adrianukr1 (17072 in chips, €13.50 bounty) 
Seat 6: WARTANOFF (10018 in chips, €13.50 bounty) 
Seat 7: WogaWogaWoga (42077 in chips, €20.25 bounty) 
Seat 8: maminhas69 (40439 in chips, €27 bounty) 
lasco34400: posts the ante 50
Bphrygian: posts the ante 50
TheyCallMeJanus: posts the ante 50
deiraisetonuts: posts the ante 50
adrianukr1: posts the ante 50
WARTANOFF: posts the ante 50
WogaWogaWoga: posts the ante 50
maminhas69: posts the ante 50
TheyCallMeJanus: posts small blind 200
deiraisetonuts: posts big blind 400
*** HOLE CARDS ***
Dealt to deiraisetonuts [5s 5h]
adrianukr1: raises 400 to 800
WARTANOFF: folds 
WogaWogaWoga: folds 
maminhas69: folds 
lasco34400: folds 
Bphrygian: folds 
TheyCallMeJanus: folds 
deiraisetonuts: calls 400
*** FLOP *** [6d Qd Ks]
deiraisetonuts: checks 
adrianukr1: bets 1100
deiraisetonuts: folds 
Uncalled bet (1100) returned to adrianukr1
adrianukr1 collected 2200 from pot
adrianukr1: doesn't show hand 
*** SUMMARY ***
Total pot 2200 | Rake 0 
Board [6d Qd Ks]
Seat 1: lasco34400 folded before Flop (didn't bet)
Seat 2: Bphrygian (button) folded before Flop (didn't bet)
Seat 3: TheyCallMeJanus (small blind) folded before Flop
Seat 4: deiraisetonuts (big blind) folded on the Flop
Seat 5: adrianukr1 collected (2200)
Seat 6: WARTANOFF folded before Flop (didn't bet)
Seat 7: WogaWogaWoga folded before Flop (didn't bet)
Seat 8: maminhas69 folded before Flop (didn't bet)



PokerStars Hand #248821459635: Tournament #3704767522, €13.50+€13.50+€3.00 EUR Hold'em No Limit - Level X (200/400) - 2024/02/11 14:40:40 BRT [2024/02/11 12:40:40 ET]
Table '3704767522 74' 8-max Seat #3 is the button
Seat 1: lasco34400 (8898 in chips, €13.50 bounty) 
Seat 2: Bphrygian (44538 in chips, €13.50 bounty) 
Seat 3: TheyCallMeJanus (34254 in chips, €13.50 bounty) 
Seat 4: deiraisetonuts (23018 in chips, €13.50 bounty) 
Seat 5: adrianukr1 (18422 in chips, €13.50 bounty) 
Seat 6: WARTANOFF (9968 in chips, €13.50 bounty) 
Seat 7: WogaWogaWoga (42027 in chips, €20.25 bounty) 
Seat 8: maminhas69 (40389 in chips, €27 bounty) 
lasco34400: posts the ante 50
Bphrygian: posts the ante 50
TheyCallMeJanus: posts the ante 50
deiraisetonuts: posts the ante 50
adrianukr1: posts the ante 50
WARTANOFF: posts the ante 50
WogaWogaWoga: posts the ante 50
maminhas69: posts the ante 50
deiraisetonuts: posts small blind 200
adrianukr1: posts big blind 400
*** HOLE CARDS ***
Dealt to deiraisetonuts [Kh Ks]
WARTANOFF: raises 400 to 800
WogaWogaWoga: folds 
maminhas69: folds 
lasco34400: calls 800
Bphrygian: folds 
TheyCallMeJanus: folds 
deiraisetonuts: raises 2200 to 3000
adrianukr1: folds 
WARTANOFF: raises 6918 to 9918 and is all-in
lasco34400: folds 
deiraisetonuts: calls 6918
*** FLOP *** [Jc As 4h]
*** TURN *** [Jc As 4h] [5s]
*** RIVER *** [Jc As 4h 5s] [9c]
*** SHOW DOWN ***
deiraisetonuts: shows [Kh Ks] (a pair of Kings)
WARTANOFF: shows [Tc Ts] (a pair of Tens)
deiraisetonuts collected 21436 from pot
deiraisetonuts wins €6.75 for eliminating WARTANOFF and their own bounty increases by €6.75 to €20.25
WARTANOFF finished the tournament
*** SUMMARY ***
Total pot 21436 | Rake 0 
Board [Jc As 4h 5s 9c]
Seat 1: lasco34400 folded before Flop
Seat 2: Bphrygian folded before Flop (didn't bet)
Seat 3: TheyCallMeJanus (button) folded before Flop (didn't bet)
Seat 4: deiraisetonuts (small blind) showed [Kh Ks] and won (21436) with a pair of Kings
Seat 5: adrianukr1 (big blind) folded before Flop
Seat 6: WARTANOFF showed [Tc Ts] and lost with a pair of Tens
Seat 7: WogaWogaWoga folded before Flop (didn't bet)
Seat 8: maminhas69 folded before Flop (didn't bet)



PokerStars Hand #248821485043: Tournament #3704767522, €13.50+€13.50+€3.00 EUR Hold'em No Limit - Level X (200/400) - 2024/02/11 14:41:49 BRT [2024/02/11 12:41:49 ET]
Table '3704767522 74' 8-max Seat #4 is the button
Seat 1: lasco34400 (8048 in chips, €13.50 bounty) 
Seat 2: Bphrygian (44488 in chips, €13.50 bounty) 
Seat 3: TheyCallMeJanus (34204 in chips, €13.50 bounty) 
Seat 4: deiraisetonuts (34486 in chips, €20.25 bounty) 
Seat 5: adrianukr1 (17972 in chips, €13.50 bounty) 
Seat 7: WogaWogaWoga (41977 in chips, €20.25 bounty) 
Seat 8: maminhas69 (40339 in chips, €27 bounty) 
lasco34400: posts the ante 50
Bphrygian: posts the ante 50
TheyCallMeJanus: posts the ante 50
deiraisetonuts: posts the ante 50
adrianukr1: posts the ante 50
WogaWogaWoga: posts the ante 50
maminhas69: posts the ante 50
adrianukr1: posts small blind 200
WogaWogaWoga: posts big blind 400
*** HOLE CARDS ***
Dealt to deiraisetonuts [7s Kd]
maminhas69: folds 
lasco34400: raises 1350 to 1750
Bphrygian: folds 
TheyCallMeJanus: folds 
deiraisetonuts: folds 
adrianukr1: folds 
WogaWogaWoga: folds 
Uncalled bet (1350) returned to lasco34400
lasco34400 collected 1350 from pot
lasco34400: doesn't show hand 
*** SUMMARY ***
Total pot 1350 | Rake 0 
Seat 1: lasco34400 collected (1350)
Seat 2: Bphrygian folded before Flop (didn't bet)
Seat 3: TheyCallMeJanus folded before Flop (didn't bet)
Seat 4: deiraisetonuts (button) folded before Flop (didn't bet)
Seat 5: adrianukr1 (small blind) folded before Flop
Seat 7: WogaWogaWoga (big blind) folded before Flop
Seat 8: maminhas69 folded before Flop (didn't bet)



PokerStars Hand #248821501616: Tournament #3704767522, €13.50+€13.50+€3.00 EUR Hold'em No Limit - Level X (200/400) - 2024/02/11 14:42:34 BRT [2024/02/11 12:42:34 ET]
Table '3704767522 74' 8-max Seat #5 is the button
Seat 1: lasco34400 (8948 in chips, €13.50 bounty) 
Seat 2: Bphrygian (44438 in chips, €13.50 bounty) 
Seat 3: TheyCallMeJanus (34154 in chips, €13.50 bounty) 
Seat 4: deiraisetonuts (34436 in chips, €20.25 bounty) 
Seat 5: adrianukr1 (17722 in chips, €13.50 bounty) 
Seat 7: WogaWogaWoga (41527 in chips, €20.25 bounty) 
Seat 8: maminhas69 (40289 in chips, €27 bounty) 
lasco34400: posts the ante 50
Bphrygian: posts the ante 50
TheyCallMeJanus: posts the ante 50
deiraisetonuts: posts the ante 50
adrianukr1: posts the ante 50
WogaWogaWoga: posts the ante 50
maminhas69: posts the ante 50
WogaWogaWoga: posts small blind 200
maminhas69: posts big blind 400
*** HOLE CARDS ***
Dealt to deiraisetonuts [Ts 3h]
lasco34400: calls 400
Bphrygian: raises 1480 to 1880
TheyCallMeJanus: folds 
deiraisetonuts: folds 
adrianukr1: folds 
WogaWogaWoga: folds 
maminhas69: folds 
lasco34400: calls 1480
*** FLOP *** [9c 8d Js]
lasco34400: checks 
Bphrygian: bets 3532
BixenteDelVosqe is disconnected 
lasco34400: folds 
Uncalled bet (3532) returned to Bphrygian
Bphrygian collected 4710 from pot
Bphrygian: doesn't show hand 
*** SUMMARY ***
Total pot 4710 | Rake 0 
Board [9c 8d Js]
Seat 1: lasco34400 folded on the Flop
Seat 2: Bphrygian collected (4710)
Seat 3: TheyCallMeJanus folded before Flop (didn't bet)
Seat 4: deiraisetonuts folded before Flop (didn't bet)
Seat 5: adrianukr1 (button) folded before Flop (didn't bet)
Seat 7: WogaWogaWoga (small blind) folded before Flop
Seat 8: maminhas69 (big blind) folded before Flop



PokerStars Hand #248821516093: Tournament #3704767522, €13.50+€13.50+€3.00 EUR Hold'em No Limit - Level X (200/400) - 2024/02/11 14:43:13 BRT [2024/02/11 12:43:13 ET]
Table '3704767522 74' 8-max Seat #7 is the button
Seat 1: lasco34400 (7018 in chips, €13.50 bounty) 
Seat 2: Bphrygian (47218 in chips, €13.50 bounty) 
Seat 3: TheyCallMeJanus (34104 in chips, €13.50 bounty) 
Seat 4: deiraisetonuts (34386 in chips, €20.25 bounty) 
Seat 5: adrianukr1 (17672 in chips, €13.50 bounty) 
Seat 6: BixenteDelVosqe (20000 in chips, €13.50 bounty) 
Seat 7: WogaWogaWoga (41277 in chips, €20.25 bounty) 
Seat 8: maminhas69 (39839 in chips, €27 bounty) 
lasco34400: posts the ante 50
Bphrygian: posts the ante 50
TheyCallMeJanus: posts the ante 50
deiraisetonuts: posts the ante 50
adrianukr1: posts the ante 50
BixenteDelVosqe: posts the ante 50
WogaWogaWoga: posts the ante 50
maminhas69: posts the ante 50
maminhas69: posts small blind 200
lasco34400: posts big blind 400
*** HOLE CARDS ***
Dealt to deiraisetonuts [5c Js]
Bphrygian: folds 
TheyCallMeJanus: folds 
deiraisetonuts: folds 
adrianukr1: folds 
BixenteDelVosqe: folds 
WogaWogaWoga: raises 480 to 880
maminhas69: raises 2720 to 3600
lasco34400: raises 3368 to 6968 and is all-in
WogaWogaWoga: folds 
maminhas69: calls 3368
*** FLOP *** [Ad 6d As]
*** TURN *** [Ad 6d As] [9h]
*** RIVER *** [Ad 6d As 9h] [Ks]
*** SHOW DOWN ***
maminhas69: shows [7c Ah] (three of a kind, Aces)
lasco34400: shows [4h 4c] (two pair, Aces and Fours)
maminhas69 collected 15216 from pot
maminhas69 wins €6.75 for eliminating lasco34400 and their own bounty increases by €6.75 to €33.75
lasco34400 finished the tournament
*** SUMMARY ***
Total pot 15216 | Rake 0 
Board [Ad 6d As 9h Ks]
Seat 1: lasco34400 (big blind) showed [4h 4c] and lost with two pair, Aces and Fours
Seat 2: Bphrygian folded before Flop (didn't bet)
Seat 3: TheyCallMeJanus folded before Flop (didn't bet)
Seat 4: deiraisetonuts folded before Flop (didn't bet)
Seat 5: adrianukr1 folded before Flop (didn't bet)
Seat 6: BixenteDelVosqe folded before Flop (didn't bet)
Seat 7: WogaWogaWoga (button) folded before Flop
Seat 8: maminhas69 (small blind) showed [7c Ah] and won (15216) with three of a kind, Aces



PokerStars Hand #248821536708: Tournament #3704767522, €13.50+€13.50+€3.00 EUR Hold'em No Limit - Level X (200/400) - 2024/02/11 14:44:10 BRT [2024/02/11 12:44:10 ET]
Table '3704767522 74' 8-max Seat #8 is the button
Seat 2: Bphrygian (47168 in chips, €13.50 bounty) 
Seat 3: TheyCallMeJanus (34054 in chips, €13.50 bounty) 
Seat 4: deiraisetonuts (34336 in chips, €20.25 bounty) 
Seat 5: adrianukr1 (17622 in chips, €13.50 bounty) 
Seat 6: BixenteDelVosqe (19950 in chips, €13.50 bounty) 
Seat 7: WogaWogaWoga (40347 in chips, €20.25 bounty) 
Seat 8: maminhas69 (48037 in chips, €33.75 bounty) 
Bphrygian: posts the ante 50
TheyCallMeJanus: posts the ante 50
deiraisetonuts: posts the ante 50
adrianukr1: posts the ante 50
BixenteDelVosqe: posts the ante 50
WogaWogaWoga: posts the ante 50
maminhas69: posts the ante 50
Bphrygian: posts small blind 200
TheyCallMeJanus: posts big blind 400
*** HOLE CARDS ***
Dealt to deiraisetonuts [Ah 8c]
deiraisetonuts: folds 
adrianukr1: folds 
BixenteDelVosqe: folds 
WogaWogaWoga: folds 
maminhas69: raises 440 to 840
Bphrygian: calls 640
TheyCallMeJanus: calls 440
*** FLOP *** [9h 2c Jh]
Bphrygian: checks 
TheyCallMeJanus: checks 
maminhas69: checks 
*** TURN *** [9h 2c Jh] [4d]
Bphrygian: bets 1200
TheyCallMeJanus: calls 1200
maminhas69: folds 
*** RIVER *** [9h 2c Jh 4d] [Ks]
Bphrygian: bets 1000
TheyCallMeJanus: calls 1000
*** SHOW DOWN ***
Bphrygian: shows [9c Tc] (a pair of Nines)
TheyCallMeJanus: shows [Ad 9d] (a pair of Nines - Ace kicker)
TheyCallMeJanus collected 7270 from pot
*** SUMMARY ***
Total pot 7270 | Rake 0 
Board [9h 2c Jh 4d Ks]
Seat 2: Bphrygian (small blind) showed [9c Tc] and lost with a pair of Nines
Seat 3: TheyCallMeJanus (big blind) showed [Ad 9d] and won (7270) with a pair of Nines
Seat 4: deiraisetonuts folded before Flop (didn't bet)
Seat 5: adrianukr1 folded before Flop (didn't bet)
Seat 6: BixenteDelVosqe folded before Flop (didn't bet)
Seat 7: WogaWogaWoga folded before Flop (didn't bet)
Seat 8: maminhas69 (button) folded on the Turn



PokerStars Hand #248821574631: Tournament #3704767522, €13.50+€13.50+€3.00 EUR Hold'em No Limit - Level X (200/400) - 2024/02/11 14:45:52 BRT [2024/02/11 12:45:52 ET]
Table '3704767522 74' 8-max Seat #2 is the button
Seat 2: Bphrygian (44078 in chips, €13.50 bounty) 
Seat 3: TheyCallMeJanus (38234 in chips, €13.50 bounty) 
Seat 4: deiraisetonuts (34286 in chips, €20.25 bounty) 
Seat 5: adrianukr1 (17572 in chips, €13.50 bounty) 
Seat 6: BixenteDelVosqe (19900 in chips, €13.50 bounty) 
Seat 7: WogaWogaWoga (40297 in chips, €20.25 bounty) 
Seat 8: maminhas69 (47147 in chips, €33.75 bounty) 
Bphrygian: posts the ante 50
TheyCallMeJanus: posts the ante 50
deiraisetonuts: posts the ante 50
adrianukr1: posts the ante 50
BixenteDelVosqe: posts the ante 50
WogaWogaWoga: posts the ante 50
maminhas69: posts the ante 50
TheyCallMeJanus: posts small blind 200
deiraisetonuts: posts big blind 400
*** HOLE CARDS ***
Dealt to deiraisetonuts [6d 6s]
adrianukr1: raises 400 to 800
BixenteDelVosqe: calls 800
WogaWogaWoga: folds 
maminhas69: folds 
Bphrygian: raises 3000 to 3800
TheyCallMeJanus: folds 
deiraisetonuts: folds 
timing38 is disconnected 
adrianukr1: raises 13722 to 17522 and is all-in
BixenteDelVosqe: folds 
Bphrygian: calls 13722
*** FLOP *** [4d Jh 8d]
*** TURN *** [4d Jh 8d] [5d]
*** RIVER *** [4d Jh 8d 5d] [4h]
*** SHOW DOWN ***
adrianukr1: shows [Ah 6h] (a pair of Fours)
Bphrygian: shows [9s 9d] (two pair, Nines and Fours)
Bphrygian collected 36794 from pot
Bphrygian wins €6.75 for eliminating adrianukr1 and their own bounty increases by €6.75 to €20.25
adrianukr1 finished the tournament
*** SUMMARY ***
Total pot 36794 | Rake 0 
Board [4d Jh 8d 5d 4h]
Seat 2: Bphrygian (button) showed [9s 9d] and won (36794) with two pair, Nines and Fours
Seat 3: TheyCallMeJanus (small blind) folded before Flop
Seat 4: deiraisetonuts (big blind) folded before Flop
Seat 5: adrianukr1 showed [Ah 6h] and lost with a pair of Fours
Seat 6: BixenteDelVosqe folded before Flop
Seat 7: WogaWogaWoga folded before Flop (didn't bet)
Seat 8: maminhas69 folded before Flop (didn't bet)



PokerStars Hand #248821608086: Tournament #3704767522, €13.50+€13.50+€3.00 EUR Hold'em No Limit - Level X (200/400) - 2024/02/11 14:47:21 BRT [2024/02/11 12:47:21 ET]
Table '3704767522 74' 8-max Seat #3 is the button
Seat 1: timing38 (20000 in chips, €13.50 bounty) 
Seat 2: Bphrygian (63300 in chips, €20.25 bounty) 
Seat 3: TheyCallMeJanus (37984 in chips, €13.50 bounty) 
Seat 4: deiraisetonuts (33836 in chips, €20.25 bounty) 
Seat 6: BixenteDelVosqe (19050 in chips, €13.50 bounty) 
Seat 7: WogaWogaWoga (40247 in chips, €20.25 bounty) 
Seat 8: maminhas69 (47097 in chips, €33.75 bounty) 
timing38: posts the ante 50
Bphrygian: posts the ante 50
TheyCallMeJanus: posts the ante 50
deiraisetonuts: posts the ante 50
BixenteDelVosqe: posts the ante 50
WogaWogaWoga: posts the ante 50
maminhas69: posts the ante 50
deiraisetonuts: posts small blind 200
BixenteDelVosqe: posts big blind 400
*** HOLE CARDS ***
Dealt to deiraisetonuts [Kd 7s]
WogaWogaWoga: folds 
maminhas69: folds 
timing38: calls 400
_Alexpilip0205_ is disconnected 
Bphrygian: raises 1100 to 1500
TheyCallMeJanus: folds 
deiraisetonuts: folds 
BixenteDelVosqe: folds 
timing38: folds 
Uncalled bet (1100) returned to Bphrygian
Bphrygian collected 1750 from pot
Bphrygian: doesn't show hand 
*** SUMMARY ***
Total pot 1750 | Rake 0 
Seat 1: timing38 folded before Flop
Seat 2: Bphrygian collected (1750)
Seat 3: TheyCallMeJanus (button) folded before Flop (didn't bet)
Seat 4: deiraisetonuts (small blind) folded before Flop
Seat 6: BixenteDelVosqe (big blind) folded before Flop
Seat 7: WogaWogaWoga folded before Flop (didn't bet)
Seat 8: maminhas69 folded before Flop (didn't bet)



PokerStars Hand #248821630267: Tournament #3704767522, €13.50+€13.50+€3.00 EUR Hold'em No Limit - Level XI (250/500) - 2024/02/11 14:48:22 BRT [2024/02/11 12:48:22 ET]
Table '3704767522 74' 8-max Seat #4 is the button
Seat 1: timing38 (19550 in chips, €13.50 bounty) 
Seat 2: Bphrygian (64600 in chips, €20.25 bounty) 
Seat 3: TheyCallMeJanus (37934 in chips, €13.50 bounty) 
Seat 4: deiraisetonuts (33586 in chips, €20.25 bounty) 
Seat 5: _Alexpilip0205_ (13870 in chips) out of hand (moved from another table into small blind)
Seat 6: BixenteDelVosqe (18600 in chips, €13.50 bounty) 
Seat 7: WogaWogaWoga (40197 in chips, €20.25 bounty) 
Seat 8: maminhas69 (47047 in chips, €33.75 bounty) 
_Alexpilip0205_ will be allowed to play after the button
timing38: posts the ante 60
Bphrygian: posts the ante 60
TheyCallMeJanus: posts the ante 60
deiraisetonuts: posts the ante 60
BixenteDelVosqe: posts the ante 60
WogaWogaWoga: posts the ante 60
maminhas69: posts the ante 60
BixenteDelVosqe: posts small blind 250
WogaWogaWoga: posts big blind 500
*** HOLE CARDS ***
Dealt to deiraisetonuts [3h 3d]
maminhas69: raises 550 to 1050
timing38: folds 
Bphrygian: raises 2700 to 3750
TheyCallMeJanus: folds 
deiraisetonuts: folds 
BixenteDelVosqe: folds 
WogaWogaWoga: folds 
maminhas69: folds 
Uncalled bet (2700) returned to Bphrygian
Bphrygian collected 3270 from pot
Bphrygian: doesn't show hand 
*** SUMMARY ***
Total pot 3270 | Rake 0 
Seat 1: timing38 folded before Flop (didn't bet)
Seat 2: Bphrygian collected (3270)
Seat 3: TheyCallMeJanus folded before Flop (didn't bet)
Seat 4: deiraisetonuts (button) folded before Flop (didn't bet)
Seat 6: BixenteDelVosqe (small blind) folded before Flop
Seat 7: WogaWogaWoga (big blind) folded before Flop
Seat 8: maminhas69 folded before Flop



PokerStars Hand #248821656332: Tournament #3704767522, €13.50+€13.50+€3.00 EUR Hold'em No Limit - Level XI (250/500) - 2024/02/11 14:49:33 BRT [2024/02/11 12:49:33 ET]
Table '3704767522 74' 8-max Seat #6 is the button
Seat 1: timing38 (19490 in chips, €13.50 bounty) 
Seat 2: Bphrygian (66760 in chips, €20.25 bounty) 
Seat 3: TheyCallMeJanus (37874 in chips, €13.50 bounty) 
Seat 4: deiraisetonuts (33526 in chips, €20.25 bounty) 
Seat 5: _Alexpilip0205_ (13870 in chips, €13.50 bounty) 
Seat 6: BixenteDelVosqe (18290 in chips, €13.50 bounty) 
Seat 7: WogaWogaWoga (39637 in chips, €20.25 bounty) 
Seat 8: maminhas69 (45937 in chips, €33.75 bounty) 
timing38: posts the ante 60
Bphrygian: posts the ante 60
TheyCallMeJanus: posts the ante 60
deiraisetonuts: posts the ante 60
_Alexpilip0205_: posts the ante 60
BixenteDelVosqe: posts the ante 60
WogaWogaWoga: posts the ante 60
maminhas69: posts the ante 60
WogaWogaWoga: posts small blind 250
maminhas69: posts big blind 500
*** HOLE CARDS ***
Dealt to deiraisetonuts [Qd Tc]
timing38: folds 
Bphrygian: folds 
TheyCallMeJanus: folds 
deiraisetonuts: raises 550 to 1050
_Alexpilip0205_: folds 
BixenteDelVosqe: folds 
WogaWogaWoga: folds 
maminhas69: calls 550
*** FLOP *** [3h 4s 8s]
maminhas69: checks 
deiraisetonuts: bets 934
maminhas69: calls 934
*** TURN *** [3h 4s 8s] [9c]
maminhas69: checks 
deiraisetonuts: bets 3520
maminhas69: calls 3520
*** RIVER *** [3h 4s 8s 9c] [2h]
maminhas69: checks 
deiraisetonuts: bets 27962 and is all-in
maminhas69: folds 
Uncalled bet (27962) returned to deiraisetonuts
deiraisetonuts collected 11738 from pot
deiraisetonuts: doesn't show hand 
*** SUMMARY ***
Total pot 11738 | Rake 0 
Board [3h 4s 8s 9c 2h]
Seat 1: timing38 folded before Flop (didn't bet)
Seat 2: Bphrygian folded before Flop (didn't bet)
Seat 3: TheyCallMeJanus folded before Flop (didn't bet)
Seat 4: deiraisetonuts collected (11738)
Seat 5: _Alexpilip0205_ folded before Flop (didn't bet)
Seat 6: BixenteDelVosqe (button) folded before Flop (didn't bet)
Seat 7: WogaWogaWoga (small blind) folded before Flop
Seat 8: maminhas69 (big blind) folded on the River



PokerStars Hand #248821709341: Tournament #3704767522, €13.50+€13.50+€3.00 EUR Hold'em No Limit - Level XI (250/500) - 2024/02/11 14:51:57 BRT [2024/02/11 12:51:57 ET]
Table '3704767522 74' 8-max Seat #7 is the button
Seat 1: timing38 (19430 in chips, €13.50 bounty) 
Seat 2: Bphrygian (66700 in chips, €20.25 bounty) 
Seat 3: TheyCallMeJanus (37814 in chips, €13.50 bounty) 
Seat 4: deiraisetonuts (39700 in chips, €20.25 bounty) 
Seat 5: _Alexpilip0205_ (13810 in chips, €13.50 bounty) 
Seat 6: BixenteDelVosqe (18230 in chips, €13.50 bounty) 
Seat 7: WogaWogaWoga (39327 in chips, €20.25 bounty) 
Seat 8: maminhas69 (40373 in chips, €33.75 bounty) 
timing38: posts the ante 60
Bphrygian: posts the ante 60
TheyCallMeJanus: posts the ante 60
deiraisetonuts: posts the ante 60
_Alexpilip0205_: posts the ante 60
BixenteDelVosqe: posts the ante 60
WogaWogaWoga: posts the ante 60
maminhas69: posts the ante 60
maminhas69: posts small blind 250
timing38: posts big blind 500
*** HOLE CARDS ***
Dealt to deiraisetonuts [Tc 5c]
Bphrygian: folds 
TheyCallMeJanus: raises 615 to 1115
deiraisetonuts: folds 
_Alexpilip0205_: folds 
BixenteDelVosqe: calls 1115
WogaWogaWoga: folds 
maminhas69: calls 865
timing38: folds 
*** FLOP *** [6d 4d 7c]
maminhas69: checks 
TheyCallMeJanus: checks 
BixenteDelVosqe: checks 
*** TURN *** [6d 4d 7c] [8d]
maminhas69: bets 1425
TheyCallMeJanus: folds 
BixenteDelVosqe: calls 1425
*** RIVER *** [6d 4d 7c 8d] [Js]
maminhas69: bets 2375
BixenteDelVosqe: folds 
Uncalled bet (2375) returned to maminhas69
maminhas69 collected 7175 from pot
*** SUMMARY ***
Total pot 7175 | Rake 0 
Board [6d 4d 7c 8d Js]
Seat 1: timing38 (big blind) folded before Flop
Seat 2: Bphrygian folded before Flop (didn't bet)
Seat 3: TheyCallMeJanus folded on the Turn
Seat 4: deiraisetonuts folded before Flop (didn't bet)
Seat 5: _Alexpilip0205_ folded before Flop (didn't bet)
Seat 6: BixenteDelVosqe folded on the River
Seat 7: WogaWogaWoga (button) folded before Flop (didn't bet)
Seat 8: maminhas69 (small blind) collected (7175)



PokerStars Hand #248821757118: Tournament #3704767522, €13.50+€13.50+€3.00 EUR Hold'em No Limit - Level XI (250/500) - 2024/02/11 14:54:07 BRT [2024/02/11 12:54:07 ET]
Table '3704767522 74' 8-max Seat #8 is the button
Seat 2: Bphrygian (66640 in chips, €20.25 bounty) 
Seat 3: TheyCallMeJanus (36639 in chips, €13.50 bounty) 
Seat 4: deiraisetonuts (39640 in chips, €20.25 bounty) 
Seat 5: _Alexpilip0205_ (13750 in chips, €13.50 bounty) 
Seat 6: BixenteDelVosqe (15630 in chips, €13.50 bounty) 
Seat 7: WogaWogaWoga (39267 in chips, €20.25 bounty) 
Seat 8: maminhas69 (44948 in chips, €33.75 bounty) 
Bphrygian: posts the ante 60
TheyCallMeJanus: posts the ante 60
deiraisetonuts: posts the ante 60
_Alexpilip0205_: posts the ante 60
BixenteDelVosqe: posts the ante 60
WogaWogaWoga: posts the ante 60
maminhas69: posts the ante 60
Bphrygian: posts small blind 250
TheyCallMeJanus: posts big blind 500
*** HOLE CARDS ***
Dealt to deiraisetonuts [9h 7c]
deiraisetonuts: folds 
_Alexpilip0205_: folds 
shakadevirgem is disconnected 
BixenteDelVosqe: folds 
WogaWogaWoga: folds 
maminhas69: raises 550 to 1050
Bphrygian: folds 
TheyCallMeJanus: raises 2950 to 4000
maminhas69: calls 2950
*** FLOP *** [5h 4d 6s]
TheyCallMeJanus: bets 7000
maminhas69: calls 7000
*** TURN *** [5h 4d 6s] [Js]
TheyCallMeJanus: bets 25579 and is all-in
maminhas69: calls 25579
*** RIVER *** [5h 4d 6s Js] [3c]
*** SHOW DOWN ***
TheyCallMeJanus: shows [Qc Qs] (a pair of Queens)
maminhas69: shows [6h 6c] (three of a kind, Sixes)
maminhas69 collected 73828 from pot
maminhas69 wins €6.75 for eliminating TheyCallMeJanus and their own bounty increases by €6.75 to €40.50
TheyCallMeJanus finished the tournament
*** SUMMARY ***
Total pot 73828 | Rake 0 
Board [5h 4d 6s Js 3c]
Seat 2: Bphrygian (small blind) folded before Flop
Seat 3: TheyCallMeJanus (big blind) showed [Qc Qs] and lost with a pair of Queens
Seat 4: deiraisetonuts folded before Flop (didn't bet)
Seat 5: _Alexpilip0205_ folded before Flop (didn't bet)
Seat 6: BixenteDelVosqe folded before Flop (didn't bet)
Seat 7: WogaWogaWoga folded before Flop (didn't bet)
Seat 8: maminhas69 (button) showed [6h 6c] and won (73828) with three of a kind, Sixes



PokerStars Hand #248821945749: Tournament #3704767522, €13.50+€13.50+€3.00 EUR Hold'em No Limit - Level XI (250/500) - 2024/02/11 15:04:31 BRT [2024/02/11 13:04:31 ET]
Table '3704767522 13' 8-max Seat #8 is the button
Seat 1: SuchAniceGuy24 (22208 in chips, €13.50 bounty) 
Seat 2: szabo700729 (20665 in chips, €13.50 bounty) 
Seat 3: rudigooo (17493 in chips, €13.50 bounty) 
Seat 4: yubrekky (21110 in chips, €13.50 bounty) 
Seat 5: partyastronauts (13886 in chips, €13.50 bounty) is sitting out
Seat 6: katikat33 (24949 in chips, €13.50 bounty) 
Seat 7: deiraisetonuts (39580 in chips, €20.25 bounty) 
Seat 8: nick_skrbn (60061 in chips, €33.75 bounty) 
SuchAniceGuy24: posts the ante 60
szabo700729: posts the ante 60
rudigooo: posts the ante 60
yubrekky: posts the ante 60
partyastronauts: posts the ante 60
katikat33: posts the ante 60
deiraisetonuts: posts the ante 60
nick_skrbn: posts the ante 60
SuchAniceGuy24: posts small blind 250
szabo700729: posts big blind 500
*** HOLE CARDS ***
Dealt to deiraisetonuts [2h 8c]
rudigooo: folds 
yubrekky: folds 
partyastronauts: folds 
katikat33: raises 600 to 1100
deiraisetonuts: folds 
nick_skrbn: calls 1100
SuchAniceGuy24: folds 
szabo700729: folds 
*** FLOP *** [Kd 7d 3d]
katikat33: bets 1132
nick_skrbn: calls 1132
*** TURN *** [Kd 7d 3d] [4d]
katikat33: checks 
nick_skrbn: bets 2250
katikat33: folds 
Uncalled bet (2250) returned to nick_skrbn
nick_skrbn collected 5694 from pot
nick_skrbn: doesn't show hand 
*** SUMMARY ***
Total pot 5694 | Rake 0 
Board [Kd 7d 3d 4d]
Seat 1: SuchAniceGuy24 (small blind) folded before Flop
Seat 2: szabo700729 (big blind) folded before Flop
Seat 3: rudigooo folded before Flop (didn't bet)
Seat 4: yubrekky folded before Flop (didn't bet)
Seat 5: partyastronauts folded before Flop (didn't bet)
Seat 6: katikat33 folded on the Turn
Seat 7: deiraisetonuts folded before Flop (didn't bet)
Seat 8: nick_skrbn (button) collected (5694)



PokerStars Hand #248821968974: Tournament #3704767522, €13.50+€13.50+€3.00 EUR Hold'em No Limit - Level XI (250/500) - 2024/02/11 15:05:32 BRT [2024/02/11 13:05:32 ET]
Table '3704767522 13' 8-max Seat #1 is the button
Seat 1: SuchAniceGuy24 (21898 in chips, €13.50 bounty) 
Seat 2: szabo700729 (20105 in chips, €13.50 bounty) 
Seat 3: rudigooo (17433 in chips, €13.50 bounty) 
Seat 4: yubrekky (21050 in chips, €13.50 bounty) 
Seat 5: partyastronauts (13826 in chips, €13.50 bounty) is sitting out
Seat 6: katikat33 (22657 in chips, €13.50 bounty) 
Seat 7: deiraisetonuts (39520 in chips, €20.25 bounty) 
Seat 8: nick_skrbn (63463 in chips, €33.75 bounty) 
SuchAniceGuy24: posts the ante 60
szabo700729: posts the ante 60
rudigooo: posts the ante 60
yubrekky: posts the ante 60
partyastronauts: posts the ante 60
katikat33: posts the ante 60
deiraisetonuts: posts the ante 60
nick_skrbn: posts the ante 60
szabo700729: posts small blind 250
rudigooo: posts big blind 500
*** HOLE CARDS ***
Dealt to deiraisetonuts [3h 3c]
yubrekky: folds 
partyastronauts: folds 
katikat33: folds 
deiraisetonuts: raises 550 to 1050
nick_skrbn: folds 
SuchAniceGuy24: folds 
szabo700729: folds 
rudigooo: folds 
Uncalled bet (550) returned to deiraisetonuts
deiraisetonuts collected 1730 from pot
deiraisetonuts: doesn't show hand 
*** SUMMARY ***
Total pot 1730 | Rake 0 
Seat 1: SuchAniceGuy24 (button) folded before Flop (didn't bet)
Seat 2: szabo700729 (small blind) folded before Flop
Seat 3: rudigooo (big blind) folded before Flop
Seat 4: yubrekky folded before Flop (didn't bet)
Seat 5: partyastronauts folded before Flop (didn't bet)
Seat 6: katikat33 folded before Flop (didn't bet)
Seat 7: deiraisetonuts collected (1730)
Seat 8: nick_skrbn folded before Flop (didn't bet)



PokerStars Hand #248821980841: Tournament #3704767522, €13.50+€13.50+€3.00 EUR Hold'em No Limit - Level XI (250/500) - 2024/02/11 15:06:03 BRT [2024/02/11 13:06:03 ET]
Table '3704767522 13' 8-max Seat #2 is the button
Seat 1: SuchAniceGuy24 (21838 in chips, €13.50 bounty) 
Seat 2: szabo700729 (19795 in chips, €13.50 bounty) 
Seat 3: rudigooo (16873 in chips, €13.50 bounty) 
Seat 4: yubrekky (20990 in chips, €13.50 bounty) 
Seat 5: partyastronauts (13766 in chips, €13.50 bounty) is sitting out
Seat 6: katikat33 (22597 in chips, €13.50 bounty) 
Seat 7: deiraisetonuts (40690 in chips, €20.25 bounty) 
Seat 8: nick_skrbn (63403 in chips, €33.75 bounty) 
SuchAniceGuy24: posts the ante 60
szabo700729: posts the ante 60
rudigooo: posts the ante 60
yubrekky: posts the ante 60
partyastronauts: posts the ante 60
katikat33: posts the ante 60
deiraisetonuts: posts the ante 60
nick_skrbn: posts the ante 60
rudigooo: posts small blind 250
yubrekky: posts big blind 500
*** HOLE CARDS ***
Dealt to deiraisetonuts [8d 5h]
partyastronauts: folds 
katikat33: folds 
deiraisetonuts: folds 
nick_skrbn: folds 
SuchAniceGuy24: folds 
szabo700729: folds 
rudigooo: raises 1000 to 1500
yubrekky: calls 1000
*** FLOP *** [8h 6d 3s]
rudigooo: bets 1148
yubrekky: folds 
Uncalled bet (1148) returned to rudigooo
rudigooo collected 3480 from pot
*** SUMMARY ***
Total pot 3480 | Rake 0 
Board [8h 6d 3s]
Seat 1: SuchAniceGuy24 folded before Flop (didn't bet)
Seat 2: szabo700729 (button) folded before Flop (didn't bet)
Seat 3: rudigooo (small blind) collected (3480)
Seat 4: yubrekky (big blind) folded on the Flop
Seat 5: partyastronauts folded before Flop (didn't bet)
Seat 6: katikat33 folded before Flop (didn't bet)
Seat 7: deiraisetonuts folded before Flop (didn't bet)
Seat 8: nick_skrbn folded before Flop (didn't bet)



PokerStars Hand #248822014753: Tournament #3704767522, €13.50+€13.50+€3.00 EUR Hold'em No Limit - Level XII (300/600) - 2024/02/11 15:07:31 BRT [2024/02/11 13:07:31 ET]
Table '3704767522 13' 8-max Seat #3 is the button
Seat 1: SuchAniceGuy24 (21778 in chips, €13.50 bounty) 
Seat 2: szabo700729 (19735 in chips, €13.50 bounty) 
Seat 3: rudigooo (18793 in chips, €13.50 bounty) 
Seat 4: yubrekky (19430 in chips, €13.50 bounty) 
Seat 5: partyastronauts (13706 in chips, €13.50 bounty) is sitting out
Seat 6: katikat33 (22537 in chips, €13.50 bounty) 
Seat 7: deiraisetonuts (40630 in chips, €20.25 bounty) 
Seat 8: nick_skrbn (63343 in chips, €33.75 bounty) 
SuchAniceGuy24: posts the ante 70
szabo700729: posts the ante 70
rudigooo: posts the ante 70
yubrekky: posts the ante 70
partyastronauts: posts the ante 70
katikat33: posts the ante 70
deiraisetonuts: posts the ante 70
nick_skrbn: posts the ante 70
yubrekky: posts small blind 300
partyastronauts: posts big blind 600
*** HOLE CARDS ***
Dealt to deiraisetonuts [3h Ad]
katikat33: folds 
deiraisetonuts: folds 
nick_skrbn: raises 720 to 1320
SuchAniceGuy24: folds 
szabo700729: folds 
rudigooo: calls 1320
yubrekky: folds 
partyastronauts: folds 
*** FLOP *** [7d 7h 8d]
nick_skrbn: checks 
rudigooo: bets 1653
nick_skrbn: calls 1653
*** TURN *** [7d 7h 8d] [5c]
nick_skrbn: checks 
rudigooo: bets 4151
nick_skrbn: folds 
Uncalled bet (4151) returned to rudigooo
rudigooo collected 7406 from pot
rudigooo: doesn't show hand 
*** SUMMARY ***
Total pot 7406 | Rake 0 
Board [7d 7h 8d 5c]
Seat 1: SuchAniceGuy24 folded before Flop (didn't bet)
Seat 2: szabo700729 folded before Flop (didn't bet)
Seat 3: rudigooo (button) collected (7406)
Seat 4: yubrekky (small blind) folded before Flop
Seat 5: partyastronauts (big blind) folded before Flop
Seat 6: katikat33 folded before Flop (didn't bet)
Seat 7: deiraisetonuts folded before Flop (didn't bet)
Seat 8: nick_skrbn folded on the Turn



PokerStars Hand #248822052389: Tournament #3704767522, €13.50+€13.50+€3.00 EUR Hold'em No Limit - Level XII (300/600) - 2024/02/11 15:09:08 BRT [2024/02/11 13:09:08 ET]
Table '3704767522 13' 8-max Seat #4 is the button
Seat 1: SuchAniceGuy24 (21708 in chips, €13.50 bounty) 
Seat 2: szabo700729 (19665 in chips, €13.50 bounty) 
Seat 3: rudigooo (23156 in chips, €13.50 bounty) 
Seat 4: yubrekky (19060 in chips, €13.50 bounty) 
Seat 5: partyastronauts (13036 in chips, €13.50 bounty) is sitting out
Seat 6: katikat33 (22467 in chips, €13.50 bounty) 
Seat 7: deiraisetonuts (40560 in chips, €20.25 bounty) 
Seat 8: nick_skrbn (60300 in chips, €33.75 bounty) 
SuchAniceGuy24: posts the ante 70
szabo700729: posts the ante 70
rudigooo: posts the ante 70
yubrekky: posts the ante 70
partyastronauts: posts the ante 70
katikat33: posts the ante 70
deiraisetonuts: posts the ante 70
nick_skrbn: posts the ante 70
partyastronauts: posts small blind 300
katikat33: posts big blind 600
*** HOLE CARDS ***
Dealt to deiraisetonuts [5c 9d]
deiraisetonuts: folds 
nick_skrbn: folds 
SuchAniceGuy24: raises 600 to 1200
szabo700729: folds 
rudigooo: folds 
yubrekky: folds 
partyastronauts: folds 
katikat33: calls 600
*** FLOP *** [5h Kh 9h]
katikat33: checks 
SuchAniceGuy24: bets 978
katikat33: folds 
Uncalled bet (978) returned to SuchAniceGuy24
SuchAniceGuy24 collected 3260 from pot
SuchAniceGuy24: doesn't show hand 
*** SUMMARY ***
Total pot 3260 | Rake 0 
Board [5h Kh 9h]
Seat 1: SuchAniceGuy24 collected (3260)
Seat 2: szabo700729 folded before Flop (didn't bet)
Seat 3: rudigooo folded before Flop (didn't bet)
Seat 4: yubrekky (button) folded before Flop (didn't bet)
Seat 5: partyastronauts (small blind) folded before Flop
Seat 6: katikat33 (big blind) folded on the Flop
Seat 7: deiraisetonuts folded before Flop (didn't bet)
Seat 8: nick_skrbn folded before Flop (didn't bet)



PokerStars Hand #248822072287: Tournament #3704767522, €13.50+€13.50+€3.00 EUR Hold'em No Limit - Level XII (300/600) - 2024/02/11 15:10:00 BRT [2024/02/11 13:10:00 ET]
Table '3704767522 13' 8-max Seat #5 is the button
Seat 1: SuchAniceGuy24 (23698 in chips, €13.50 bounty) 
Seat 2: szabo700729 (19595 in chips, €13.50 bounty) 
Seat 3: rudigooo (23086 in chips, €13.50 bounty) 
Seat 4: yubrekky (18990 in chips, €13.50 bounty) 
Seat 5: partyastronauts (12666 in chips, €13.50 bounty) is sitting out
Seat 6: katikat33 (21197 in chips, €13.50 bounty) 
Seat 7: deiraisetonuts (40490 in chips, €20.25 bounty) 
Seat 8: nick_skrbn (60230 in chips, €33.75 bounty) 
SuchAniceGuy24: posts the ante 70
szabo700729: posts the ante 70
rudigooo: posts the ante 70
yubrekky: posts the ante 70
partyastronauts: posts the ante 70
katikat33: posts the ante 70
deiraisetonuts: posts the ante 70
nick_skrbn: posts the ante 70
katikat33: posts small blind 300
deiraisetonuts: posts big blind 600
*** HOLE CARDS ***
Dealt to deiraisetonuts [8c 7h]
nick_skrbn: folds 
SuchAniceGuy24: folds 
szabo700729: folds 
rudigooo: folds 
yubrekky: raises 726 to 1326
partyastronauts: folds 
katikat33: folds 
deiraisetonuts: calls 726
*** FLOP *** [3c Qc 8s]
deiraisetonuts: checks 
yubrekky: checks 
*** TURN *** [3c Qc 8s] [5h]
deiraisetonuts: checks 
yubrekky: bets 2400
deiraisetonuts: folds 
Uncalled bet (2400) returned to yubrekky
yubrekky collected 3512 from pot
yubrekky: doesn't show hand 
*** SUMMARY ***
Total pot 3512 | Rake 0 
Board [3c Qc 8s 5h]
Seat 1: SuchAniceGuy24 folded before Flop (didn't bet)
Seat 2: szabo700729 folded before Flop (didn't bet)
Seat 3: rudigooo folded before Flop (didn't bet)
Seat 4: yubrekky collected (3512)
Seat 5: partyastronauts (button) folded before Flop (didn't bet)
Seat 6: katikat33 (small blind) folded before Flop
Seat 7: deiraisetonuts (big blind) folded on the Turn
Seat 8: nick_skrbn folded before Flop (didn't bet)



PokerStars Hand #248822100790: Tournament #3704767522, €13.50+€13.50+€3.00 EUR Hold'em No Limit - Level XII (300/600) - 2024/02/11 15:11:14 BRT [2024/02/11 13:11:14 ET]
Table '3704767522 13' 8-max Seat #6 is the button
Seat 1: SuchAniceGuy24 (23628 in chips, €13.50 bounty) 
Seat 2: szabo700729 (19525 in chips, €13.50 bounty) 
Seat 3: rudigooo (23016 in chips, €13.50 bounty) 
Seat 4: yubrekky (21106 in chips, €13.50 bounty) 
Seat 5: partyastronauts (12596 in chips, €13.50 bounty) is sitting out
Seat 6: katikat33 (20827 in chips, €13.50 bounty) 
Seat 7: deiraisetonuts (39094 in chips, €20.25 bounty) 
Seat 8: nick_skrbn (60160 in chips, €33.75 bounty) 
SuchAniceGuy24: posts the ante 70
szabo700729: posts the ante 70
rudigooo: posts the ante 70
yubrekky: posts the ante 70
partyastronauts: posts the ante 70
katikat33: posts the ante 70
deiraisetonuts: posts the ante 70
nick_skrbn: posts the ante 70
deiraisetonuts: posts small blind 300
nick_skrbn: posts big blind 600
*** HOLE CARDS ***
Dealt to deiraisetonuts [2c 4h]
SuchAniceGuy24: folds 
szabo700729: folds 
rudigooo: folds 
yubrekky: folds 
partyastronauts: folds 
katikat33: folds 
deiraisetonuts: folds 
Uncalled bet (300) returned to nick_skrbn
nick_skrbn collected 1160 from pot
nick_skrbn: doesn't show hand 
*** SUMMARY ***
Total pot 1160 | Rake 0 
Seat 1: SuchAniceGuy24 folded before Flop (didn't bet)
Seat 2: szabo700729 folded before Flop (didn't bet)
Seat 3: rudigooo folded before Flop (didn't bet)
Seat 4: yubrekky folded before Flop (didn't bet)
Seat 5: partyastronauts folded before Flop (didn't bet)
Seat 6: katikat33 (button) folded before Flop (didn't bet)
Seat 7: deiraisetonuts (small blind) folded before Flop
Seat 8: nick_skrbn (big blind) collected (1160)



PokerStars Hand #248822111575: Tournament #3704767522, €13.50+€13.50+€3.00 EUR Hold'em No Limit - Level XII (300/600) - 2024/02/11 15:11:42 BRT [2024/02/11 13:11:42 ET]
Table '3704767522 13' 8-max Seat #7 is the button
Seat 1: SuchAniceGuy24 (23558 in chips, €13.50 bounty) 
Seat 2: szabo700729 (19455 in chips, €13.50 bounty) 
Seat 3: rudigooo (22946 in chips, €13.50 bounty) 
Seat 4: yubrekky (21036 in chips, €13.50 bounty) 
Seat 5: partyastronauts (12526 in chips, €13.50 bounty) is sitting out
Seat 6: katikat33 (20757 in chips, €13.50 bounty) 
Seat 7: deiraisetonuts (38724 in chips, €20.25 bounty) 
Seat 8: nick_skrbn (60950 in chips, €33.75 bounty) 
SuchAniceGuy24: posts the ante 70
szabo700729: posts the ante 70
rudigooo: posts the ante 70
yubrekky: posts the ante 70
partyastronauts: posts the ante 70
katikat33: posts the ante 70
deiraisetonuts: posts the ante 70
nick_skrbn: posts the ante 70
nick_skrbn: posts small blind 300
SuchAniceGuy24: posts big blind 600
*** HOLE CARDS ***
Dealt to deiraisetonuts [7d 6s]
szabo700729: folds 
rudigooo: folds 
yubrekky: folds 
partyastronauts: folds 
katikat33: raises 720 to 1320
deiraisetonuts: folds 
nick_skrbn: folds 
SuchAniceGuy24: raises 3480 to 4800
katikat33: raises 15887 to 20687 and is all-in
SuchAniceGuy24: calls 15887
*** FLOP *** [Qs 6c 8d]
*** TURN *** [Qs 6c 8d] [2h]
*** RIVER *** [Qs 6c 8d 2h] [Tc]
*** SHOW DOWN ***
SuchAniceGuy24: shows [Ah Qc] (a pair of Queens)
katikat33: shows [Ac Kd] (high card Ace)
SuchAniceGuy24 collected 42234 from pot
SuchAniceGuy24 wins €6.75 for eliminating katikat33 and their own bounty increases by €6.75 to €20.25
katikat33 finished the tournament
*** SUMMARY ***
Total pot 42234 | Rake 0 
Board [Qs 6c 8d 2h Tc]
Seat 1: SuchAniceGuy24 (big blind) showed [Ah Qc] and won (42234) with a pair of Queens
Seat 2: szabo700729 folded before Flop (didn't bet)
Seat 3: rudigooo folded before Flop (didn't bet)
Seat 4: yubrekky folded before Flop (didn't bet)
Seat 5: partyastronauts folded before Flop (didn't bet)
Seat 6: katikat33 showed [Ac Kd] and lost with high card Ace
Seat 7: deiraisetonuts (button) folded before Flop (didn't bet)
Seat 8: nick_skrbn (small blind) folded before Flop



PokerStars Hand #248822136286: Tournament #3704767522, €13.50+€13.50+€3.00 EUR Hold'em No Limit - Level XII (300/600) - 2024/02/11 15:12:47 BRT [2024/02/11 13:12:47 ET]
Table '3704767522 13' 8-max Seat #8 is the button
Seat 1: SuchAniceGuy24 (45035 in chips, €20.25 bounty) 
Seat 2: szabo700729 (19385 in chips, €13.50 bounty) 
Seat 3: rudigooo (22876 in chips, €13.50 bounty) 
Seat 4: yubrekky (20966 in chips, €13.50 bounty) 
Seat 5: partyastronauts (12456 in chips, €13.50 bounty) is sitting out
Seat 7: deiraisetonuts (38654 in chips, €20.25 bounty) 
Seat 8: nick_skrbn (60580 in chips, €33.75 bounty) 
SuchAniceGuy24: posts the ante 70
szabo700729: posts the ante 70
rudigooo: posts the ante 70
yubrekky: posts the ante 70
partyastronauts: posts the ante 70
deiraisetonuts: posts the ante 70
nick_skrbn: posts the ante 70
SuchAniceGuy24: posts small blind 300
szabo700729: posts big blind 600
*** HOLE CARDS ***
Dealt to deiraisetonuts [4s Qd]
rudigooo: folds 
yubrekky: folds 
partyastronauts: folds 
deiraisetonuts: folds 
nick_skrbn: raises 600 to 1200
SuchAniceGuy24: calls 900
szabo700729: calls 600
*** FLOP *** [2h 8c Kh]
SuchAniceGuy24: checks 
szabo700729: checks 
nick_skrbn: bets 1350
SuchAniceGuy24: folds 
szabo700729: calls 1350
*** TURN *** [2h 8c Kh] [2c]
szabo700729: checks 
nick_skrbn: checks 
*** RIVER *** [2h 8c Kh 2c] [7d]
szabo700729: bets 3995
nick_skrbn: calls 3995
*** SHOW DOWN ***
szabo700729: shows [Qs Kc] (two pair, Kings and Deuces)
nick_skrbn: mucks hand 
szabo700729 collected 14780 from pot
*** SUMMARY ***
Total pot 14780 | Rake 0 
Board [2h 8c Kh 2c 7d]
Seat 1: SuchAniceGuy24 (small blind) folded on the Flop
Seat 2: szabo700729 (big blind) showed [Qs Kc] and won (14780) with two pair, Kings and Deuces
Seat 3: rudigooo folded before Flop (didn't bet)
Seat 4: yubrekky folded before Flop (didn't bet)
Seat 5: partyastronauts folded before Flop (didn't bet)
Seat 7: deiraisetonuts folded before Flop (didn't bet)
Seat 8: nick_skrbn (button) mucked [Js 8d]



PokerStars Hand #248822173302: Tournament #3704767522, €13.50+€13.50+€3.00 EUR Hold'em No Limit - Level XII (300/600) - 2024/02/11 15:14:23 BRT [2024/02/11 13:14:23 ET]
Table '3704767522 13' 8-max Seat #1 is the button
Seat 1: SuchAniceGuy24 (43765 in chips, €20.25 bounty) 
Seat 2: szabo700729 (27550 in chips, €13.50 bounty) 
Seat 3: rudigooo (22806 in chips, €13.50 bounty) 
Seat 4: yubrekky (20896 in chips, €13.50 bounty) 
Seat 5: partyastronauts (12386 in chips, €13.50 bounty) is sitting out
Seat 6: bobitoo198 (17010 in chips, €13.50 bounty) 
Seat 7: deiraisetonuts (38584 in chips, €20.25 bounty) 
Seat 8: nick_skrbn (53965 in chips, €33.75 bounty) 
SuchAniceGuy24: posts the ante 70
szabo700729: posts the ante 70
rudigooo: posts the ante 70
yubrekky: posts the ante 70
partyastronauts: posts the ante 70
bobitoo198: posts the ante 70
deiraisetonuts: posts the ante 70
nick_skrbn: posts the ante 70
szabo700729: posts small blind 300
rudigooo: posts big blind 600
*** HOLE CARDS ***
Dealt to deiraisetonuts [Th 2d]
yubrekky: raises 726 to 1326
partyastronauts: folds 
partyastronauts is disconnected 
partyastronauts has returned
bobitoo198: calls 1326
deiraisetonuts: folds 
nick_skrbn: calls 1326
SuchAniceGuy24: folds 
szabo700729: calls 1026
rudigooo: folds 
*** FLOP *** [5s 7s Ah]
szabo700729: checks 
yubrekky: bets 1200
bobitoo198: raises 8864 to 10064
nick_skrbn: folds 
szabo700729: raises 16090 to 26154 and is all-in
yubrekky: calls 18300 and is all-in
bobitoo198: calls 5550 and is all-in
Uncalled bet (6654) returned to szabo700729
*** TURN *** [5s 7s Ah] [Tc]
*** RIVER *** [5s 7s Ah Tc] [4c]
*** SHOW DOWN ***
szabo700729: shows [Jh Ad] (a pair of Aces)
yubrekky: shows [Ac Js] (a pair of Aces)
szabo700729 collected 3886 from side pot
yubrekky collected 3886 from side pot
bobitoo198: shows [As Kc] (a pair of Aces - King kicker)
bobitoo198 collected 53306 from main pot
*** SUMMARY ***
Total pot 61078 Main pot 53306. Side pot 7772. | Rake 0 
Board [5s 7s Ah Tc 4c]
Seat 1: SuchAniceGuy24 (button) folded before Flop (didn't bet)
Seat 2: szabo700729 (small blind) showed [Jh Ad] and won (3886) with a pair of Aces
Seat 3: rudigooo (big blind) folded before Flop
Seat 4: yubrekky showed [Ac Js] and won (3886) with a pair of Aces
Seat 5: partyastronauts folded before Flop (didn't bet)
Seat 6: bobitoo198 showed [As Kc] and won (53306) with a pair of Aces
Seat 7: deiraisetonuts folded before Flop (didn't bet)
Seat 8: nick_skrbn folded on the Flop



PokerStars Hand #248822211301: Tournament #3704767522, €13.50+€13.50+€3.00 EUR Hold'em No Limit - Level XII (300/600) - 2024/02/11 15:16:02 BRT [2024/02/11 13:16:02 ET]
Table '3704767522 13' 8-max Seat #2 is the button
Seat 1: SuchAniceGuy24 (43695 in chips, €20.25 bounty) 
Seat 2: szabo700729 (10540 in chips, €13.50 bounty) 
Seat 3: rudigooo (22136 in chips, €13.50 bounty) 
Seat 4: yubrekky (3886 in chips, €13.50 bounty) 
Seat 5: partyastronauts (12316 in chips, €13.50 bounty) 
Seat 6: bobitoo198 (53306 in chips, €13.50 bounty) 
Seat 7: deiraisetonuts (38514 in chips, €20.25 bounty) 
Seat 8: nick_skrbn (52569 in chips, €33.75 bounty) 
SuchAniceGuy24: posts the ante 70
szabo700729: posts the ante 70
rudigooo: posts the ante 70
yubrekky: posts the ante 70
partyastronauts: posts the ante 70
bobitoo198: posts the ante 70
deiraisetonuts: posts the ante 70
nick_skrbn: posts the ante 70
rudigooo: posts small blind 300
yubrekky: posts big blind 600
*** HOLE CARDS ***
Dealt to deiraisetonuts [Ks 7h]
partyastronauts: folds 
bobitoo198: calls 600
deiraisetonuts: folds 
nick_skrbn: raises 3300 to 3900
SuchAniceGuy24: folds 
szabo700729: folds 
rudigooo: folds 
yubrekky: calls 3216 and is all-in
bobitoo198: calls 3300
*** FLOP *** [7s Jc Qs]
bobitoo198: checks 
nick_skrbn: bets 4117
bobitoo198: calls 4117
*** TURN *** [7s Jc Qs] [8d]
bobitoo198: checks 
nick_skrbn: bets 6834
bobitoo198: calls 6834
*** RIVER *** [7s Jc Qs 8d] [6s]
bobitoo198: checks 
nick_skrbn: checks 
*** SHOW DOWN ***
bobitoo198: shows [9h 9c] (a pair of Nines)
nick_skrbn: shows [Ac Jd] (a pair of Jacks)
nick_skrbn collected 22070 from side pot
yubrekky: shows [6d 6c] (three of a kind, Sixes)
yubrekky collected 12308 from main pot
*** SUMMARY ***
Total pot 34378 Main pot 12308. Side pot 22070. | Rake 0 
Board [7s Jc Qs 8d 6s]
Seat 1: SuchAniceGuy24 folded before Flop (didn't bet)
Seat 2: szabo700729 (button) folded before Flop (didn't bet)
Seat 3: rudigooo (small blind) folded before Flop
Seat 4: yubrekky (big blind) showed [6d 6c] and won (12308) with three of a kind, Sixes
Seat 5: partyastronauts folded before Flop (didn't bet)
Seat 6: bobitoo198 showed [9h 9c] and lost with a pair of Nines
Seat 7: deiraisetonuts folded before Flop (didn't bet)
Seat 8: nick_skrbn showed [Ac Jd] and won (22070) with a pair of Jacks



PokerStars Hand #248822235998: Tournament #3704767522, €13.50+€13.50+€3.00 EUR Hold'em No Limit - Level XIII (350/700) - 2024/02/11 15:17:07 BRT [2024/02/11 13:17:07 ET]
Table '3704767522 13' 8-max Seat #3 is the button
Seat 1: SuchAniceGuy24 (43625 in chips, €20.25 bounty) 
Seat 2: szabo700729 (10470 in chips, €13.50 bounty) 
Seat 3: rudigooo (21766 in chips, €13.50 bounty) 
Seat 4: yubrekky (12308 in chips, €13.50 bounty) 
Seat 5: partyastronauts (12246 in chips, €13.50 bounty) 
Seat 6: bobitoo198 (38385 in chips, €13.50 bounty) 
Seat 7: deiraisetonuts (38444 in chips, €20.25 bounty) 
Seat 8: nick_skrbn (59718 in chips, €33.75 bounty) 
SuchAniceGuy24: posts the ante 85
szabo700729: posts the ante 85
rudigooo: posts the ante 85
yubrekky: posts the ante 85
partyastronauts: posts the ante 85
bobitoo198: posts the ante 85
deiraisetonuts: posts the ante 85
nick_skrbn: posts the ante 85
yubrekky: posts small blind 350
partyastronauts: posts big blind 700
*** HOLE CARDS ***
Dealt to deiraisetonuts [Ad 3c]
bobitoo198: calls 700
deiraisetonuts: folds 
nick_skrbn: folds 
SuchAniceGuy24: folds 
szabo700729: folds 
rudigooo: folds 
yubrekky: calls 350
partyastronauts: checks 
*** FLOP *** [Js 8s 3h]
yubrekky: checks 
partyastronauts: checks 
bobitoo198: bets 1400
yubrekky: folds 
partyastronauts: raises 10061 to 11461 and is all-in
bobitoo198: calls 10061
*** TURN *** [Js 8s 3h] [Kh]
*** RIVER *** [Js 8s 3h Kh] [8h]
*** SHOW DOWN ***
partyastronauts: shows [Jh 2c] (two pair, Jacks and Eights)
bobitoo198: shows [Td 8d] (three of a kind, Eights)
bobitoo198 collected 25702 from pot
bobitoo198 wins €6.75 for eliminating partyastronauts and their own bounty increases by €6.75 to €20.25
partyastronauts finished the tournament
*** SUMMARY ***
Total pot 25702 | Rake 0 
Board [Js 8s 3h Kh 8h]
Seat 1: SuchAniceGuy24 folded before Flop (didn't bet)
Seat 2: szabo700729 folded before Flop (didn't bet)
Seat 3: rudigooo (button) folded before Flop (didn't bet)
Seat 4: yubrekky (small blind) folded on the Flop
Seat 5: partyastronauts (big blind) showed [Jh 2c] and lost with two pair, Jacks and Eights
Seat 6: bobitoo198 showed [Td 8d] and won (25702) with three of a kind, Eights
Seat 7: deiraisetonuts folded before Flop (didn't bet)
Seat 8: nick_skrbn folded before Flop (didn't bet)



PokerStars Hand #248822260372: Tournament #3704767522, €13.50+€13.50+€3.00 EUR Hold'em No Limit - Level XIII (350/700) - 2024/02/11 15:18:10 BRT [2024/02/11 13:18:10 ET]
Table '3704767522 13' 8-max Seat #4 is the button
Seat 1: SuchAniceGuy24 (43540 in chips, €20.25 bounty) 
Seat 2: szabo700729 (10385 in chips, €13.50 bounty) 
Seat 3: rudigooo (21681 in chips, €13.50 bounty) 
Seat 4: yubrekky (11523 in chips, €13.50 bounty) 
Seat 6: bobitoo198 (51841 in chips, €20.25 bounty) 
Seat 7: deiraisetonuts (38359 in chips, €20.25 bounty) 
Seat 8: nick_skrbn (59633 in chips, €33.75 bounty) 
SuchAniceGuy24: posts the ante 85
szabo700729: posts the ante 85
rudigooo: posts the ante 85
yubrekky: posts the ante 85
bobitoo198: posts the ante 85
deiraisetonuts: posts the ante 85
nick_skrbn: posts the ante 85
bobitoo198: posts small blind 350
deiraisetonuts: posts big blind 700
*** HOLE CARDS ***
Dealt to deiraisetonuts [Tc Qs]
nick_skrbn: folds 
SuchAniceGuy24: raises 700 to 1400
szabo700729: folds 
ellocofera$i is disconnected 
rudigooo: folds 
yubrekky: folds 
bobitoo198: calls 1050
deiraisetonuts: calls 700
*** FLOP *** [3c 2d Jc]
bobitoo198: checks 
deiraisetonuts: checks 
SuchAniceGuy24: bets 1400
bobitoo198: calls 1400
deiraisetonuts: folds 
*** TURN *** [3c 2d Jc] [6c]
bobitoo198: checks 
SuchAniceGuy24: checks 
*** RIVER *** [3c 2d Jc 6c] [5s]
bobitoo198: bets 3798
SuchAniceGuy24: folds 
Uncalled bet (3798) returned to bobitoo198
bobitoo198 collected 7595 from pot
bobitoo198: doesn't show hand 
*** SUMMARY ***
Total pot 7595 | Rake 0 
Board [3c 2d Jc 6c 5s]
Seat 1: SuchAniceGuy24 folded on the River
Seat 2: szabo700729 folded before Flop (didn't bet)
Seat 3: rudigooo folded before Flop (didn't bet)
Seat 4: yubrekky (button) folded before Flop (didn't bet)
Seat 6: bobitoo198 (small blind) collected (7595)
Seat 7: deiraisetonuts (big blind) folded on the Flop
Seat 8: nick_skrbn folded before Flop (didn't bet)



PokerStars Hand #248822305046: Tournament #3704767522, €13.50+€13.50+€3.00 EUR Hold'em No Limit - Level XIII (350/700) - 2024/02/11 15:20:08 BRT [2024/02/11 13:20:08 ET]
Table '3704767522 13' 8-max Seat #6 is the button
Seat 1: SuchAniceGuy24 (40655 in chips, €20.25 bounty) 
Seat 2: szabo700729 (10300 in chips, €13.50 bounty) 
Seat 3: rudigooo (21596 in chips, €13.50 bounty) 
Seat 4: yubrekky (11438 in chips, €13.50 bounty) 
Seat 5: ellocofera$i (29154 in chips, €13.50 bounty) 
Seat 6: bobitoo198 (56551 in chips, €20.25 bounty) 
Seat 7: deiraisetonuts (36874 in chips, €20.25 bounty) 
Seat 8: nick_skrbn (59548 in chips, €33.75 bounty) 
SuchAniceGuy24: posts the ante 85
szabo700729: posts the ante 85
rudigooo: posts the ante 85
yubrekky: posts the ante 85
ellocofera$i: posts the ante 85
bobitoo198: posts the ante 85
deiraisetonuts: posts the ante 85
nick_skrbn: posts the ante 85
deiraisetonuts: posts small blind 350
nick_skrbn: posts big blind 700
*** HOLE CARDS ***
Dealt to deiraisetonuts [4d 2c]
SuchAniceGuy24: folds 
szabo700729: raises 9515 to 10215 and is all-in
rudigooo: folds 
yubrekky: folds 
ellocofera$i: folds 
bobitoo198: calls 10215
deiraisetonuts: folds 
nick_skrbn: folds 
*** FLOP *** [Qc Js 7d]
*** TURN *** [Qc Js 7d] [Qs]
*** RIVER *** [Qc Js 7d Qs] [5d]
*** SHOW DOWN ***
szabo700729: shows [Td Tc] (two pair, Queens and Tens)
bobitoo198: shows [7s Ac] (two pair, Queens and Sevens)
szabo700729 collected 22160 from pot
*** SUMMARY ***
Total pot 22160 | Rake 0 
Board [Qc Js 7d Qs 5d]
Seat 1: SuchAniceGuy24 folded before Flop (didn't bet)
Seat 2: szabo700729 showed [Td Tc] and won (22160) with two pair, Queens and Tens
Seat 3: rudigooo folded before Flop (didn't bet)
Seat 4: yubrekky folded before Flop (didn't bet)
Seat 5: ellocofera$i folded before Flop (didn't bet)
Seat 6: bobitoo198 (button) showed [7s Ac] and lost with two pair, Queens and Sevens
Seat 7: deiraisetonuts (small blind) folded before Flop
Seat 8: nick_skrbn (big blind) folded before Flop



PokerStars Hand #248822323161: Tournament #3704767522, €13.50+€13.50+€3.00 EUR Hold'em No Limit - Level XIII (350/700) - 2024/02/11 15:20:55 BRT [2024/02/11 13:20:55 ET]
Table '3704767522 13' 8-max Seat #7 is the button
Seat 1: SuchAniceGuy24 (40570 in chips, €20.25 bounty) 
Seat 2: szabo700729 (22160 in chips, €13.50 bounty) 
Seat 3: rudigooo (21511 in chips, €13.50 bounty) 
Seat 4: yubrekky (11353 in chips, €13.50 bounty) 
Seat 5: ellocofera$i (29069 in chips, €13.50 bounty) 
Seat 6: bobitoo198 (46251 in chips, €20.25 bounty) 
Seat 7: deiraisetonuts (36439 in chips, €20.25 bounty) 
Seat 8: nick_skrbn (58763 in chips, €33.75 bounty) 
SuchAniceGuy24: posts the ante 85
szabo700729: posts the ante 85
rudigooo: posts the ante 85
yubrekky: posts the ante 85
ellocofera$i: posts the ante 85
bobitoo198: posts the ante 85
deiraisetonuts: posts the ante 85
nick_skrbn: posts the ante 85
nick_skrbn: posts small blind 350
SuchAniceGuy24: posts big blind 700
*** HOLE CARDS ***
Dealt to deiraisetonuts [Ah Jh]
szabo700729: folds 
rudigooo: folds 
yubrekky: folds 
ellocofera$i: folds 
bobitoo198: folds 
deiraisetonuts: raises 770 to 1470
nick_skrbn: calls 1120
SuchAniceGuy24: calls 770
*** FLOP *** [8d As 5s]
nick_skrbn: checks 
SuchAniceGuy24: checks 
deiraisetonuts: bets 4327
nick_skrbn: folds 
SuchAniceGuy24: folds 
Uncalled bet (4327) returned to deiraisetonuts
deiraisetonuts collected 5090 from pot
deiraisetonuts: doesn't show hand 
*** SUMMARY ***
Total pot 5090 | Rake 0 
Board [8d As 5s]
Seat 1: SuchAniceGuy24 (big blind) folded on the Flop
Seat 2: szabo700729 folded before Flop (didn't bet)
Seat 3: rudigooo folded before Flop (didn't bet)
Seat 4: yubrekky folded before Flop (didn't bet)
Seat 5: ellocofera$i folded before Flop (didn't bet)
Seat 6: bobitoo198 folded before Flop (didn't bet)
Seat 7: deiraisetonuts (button) collected (5090)
Seat 8: nick_skrbn (small blind) folded on the Flop



PokerStars Hand #248822356298: Tournament #3704767522, €13.50+€13.50+€3.00 EUR Hold'em No Limit - Level XIII (350/700) - 2024/02/11 15:22:20 BRT [2024/02/11 13:22:20 ET]
Table '3704767522 13' 8-max Seat #8 is the button
Seat 1: SuchAniceGuy24 (39015 in chips, €20.25 bounty) 
Seat 2: szabo700729 (22075 in chips, €13.50 bounty) 
Seat 3: rudigooo (21426 in chips, €13.50 bounty) 
Seat 4: yubrekky (11268 in chips, €13.50 bounty) 
Seat 5: ellocofera$i (28984 in chips, €13.50 bounty) 
Seat 6: bobitoo198 (46166 in chips, €20.25 bounty) 
Seat 7: deiraisetonuts (39974 in chips, €20.25 bounty) 
Seat 8: nick_skrbn (57208 in chips, €33.75 bounty) 
SuchAniceGuy24: posts the ante 85
szabo700729: posts the ante 85
rudigooo: posts the ante 85
yubrekky: posts the ante 85
ellocofera$i: posts the ante 85
bobitoo198: posts the ante 85
deiraisetonuts: posts the ante 85
nick_skrbn: posts the ante 85
SuchAniceGuy24: posts small blind 350
szabo700729: posts big blind 700
*** HOLE CARDS ***
Dealt to deiraisetonuts [4h 6s]
rudigooo: folds 
yubrekky: folds 
ellocofera$i: folds 
bobitoo198: calls 700
deiraisetonuts: folds 
nick_skrbn: folds 
SuchAniceGuy24: calls 350
szabo700729: checks 
*** FLOP *** [9d Qd 3d]
SuchAniceGuy24: bets 1400
szabo700729: folds 
bobitoo198: calls 1400
*** TURN *** [9d Qd 3d] [9s]
SuchAniceGuy24: bets 4200
bobitoo198: calls 4200
*** RIVER *** [9d Qd 3d 9s] [8c]
SuchAniceGuy24: bets 10150
bobitoo198: calls 10150
*** SHOW DOWN ***
SuchAniceGuy24: shows [7d Jd] (a flush, Queen high)
bobitoo198: mucks hand 
SuchAniceGuy24 collected 34280 from pot
*** SUMMARY ***
Total pot 34280 | Rake 0 
Board [9d Qd 3d 9s 8c]
Seat 1: SuchAniceGuy24 (small blind) showed [7d Jd] and won (34280) with a flush, Queen high
Seat 2: szabo700729 (big blind) folded on the Flop
Seat 3: rudigooo folded before Flop (didn't bet)
Seat 4: yubrekky folded before Flop (didn't bet)
Seat 5: ellocofera$i folded before Flop (didn't bet)
Seat 6: bobitoo198 mucked [Ts 9c]
Seat 7: deiraisetonuts folded before Flop (didn't bet)
Seat 8: nick_skrbn (button) folded before Flop (didn't bet)



PokerStars Hand #248822387727: Tournament #3704767522, €13.50+€13.50+€3.00 EUR Hold'em No Limit - Level XIII (350/700) - 2024/02/11 15:23:41 BRT [2024/02/11 13:23:41 ET]
Table '3704767522 13' 8-max Seat #1 is the button
Seat 1: SuchAniceGuy24 (56760 in chips, €20.25 bounty) 
Seat 2: szabo700729 (21290 in chips, €13.50 bounty) 
Seat 3: rudigooo (21341 in chips, €13.50 bounty) 
Seat 4: yubrekky (11183 in chips, €13.50 bounty) 
Seat 5: ellocofera$i (28899 in chips, €13.50 bounty) 
Seat 6: bobitoo198 (29631 in chips, €20.25 bounty) 
Seat 7: deiraisetonuts (39889 in chips, €20.25 bounty) 
Seat 8: nick_skrbn (57123 in chips, €33.75 bounty) 
SuchAniceGuy24: posts the ante 85
szabo700729: posts the ante 85
rudigooo: posts the ante 85
yubrekky: posts the ante 85
ellocofera$i: posts the ante 85
bobitoo198: posts the ante 85
deiraisetonuts: posts the ante 85
nick_skrbn: posts the ante 85
szabo700729: posts small blind 350
rudigooo: posts big blind 700
*** HOLE CARDS ***
Dealt to deiraisetonuts [6s 7h]
yubrekky: folds 
ellocofera$i: folds 
bobitoo198: folds 
deiraisetonuts: folds 
nick_skrbn: raises 700 to 1400
SuchAniceGuy24: folds 
szabo700729: folds 
rudigooo: calls 700
*** FLOP *** [Kd 8s 2d]
rudigooo: checks 
nick_skrbn: bets 1264
rudigooo: calls 1264
*** TURN *** [Kd 8s 2d] [6c]
rudigooo: checks 
nick_skrbn: checks 
*** RIVER *** [Kd 8s 2d 6c] [Qc]
rudigooo: checks 
nick_skrbn: checks 
*** SHOW DOWN ***
rudigooo: shows [4d 6d] (a pair of Sixes)
nick_skrbn: mucks hand 
rudigooo collected 6358 from pot
*** SUMMARY ***
Total pot 6358 | Rake 0 
Board [Kd 8s 2d 6c Qc]
Seat 1: SuchAniceGuy24 (button) folded before Flop (didn't bet)
Seat 2: szabo700729 (small blind) folded before Flop
Seat 3: rudigooo (big blind) showed [4d 6d] and won (6358) with a pair of Sixes
Seat 4: yubrekky folded before Flop (didn't bet)
Seat 5: ellocofera$i folded before Flop (didn't bet)
Seat 6: bobitoo198 folded before Flop (didn't bet)
Seat 7: deiraisetonuts folded before Flop (didn't bet)
Seat 8: nick_skrbn mucked [4h 4s]



PokerStars Hand #248822419770: Tournament #3704767522, €13.50+€13.50+€3.00 EUR Hold'em No Limit - Level XIII (350/700) - 2024/02/11 15:25:03 BRT [2024/02/11 13:25:03 ET]
Table '3704767522 13' 8-max Seat #2 is the button
Seat 1: SuchAniceGuy24 (56675 in chips, €20.25 bounty) 
Seat 2: szabo700729 (20855 in chips, €13.50 bounty) 
Seat 3: rudigooo (24950 in chips, €13.50 bounty) 
Seat 4: yubrekky (11098 in chips, €13.50 bounty) 
Seat 5: ellocofera$i (28814 in chips, €13.50 bounty) 
Seat 6: bobitoo198 (29546 in chips, €20.25 bounty) 
Seat 7: deiraisetonuts (39804 in chips, €20.25 bounty) 
Seat 8: nick_skrbn (54374 in chips, €33.75 bounty) 
SuchAniceGuy24: posts the ante 85
szabo700729: posts the ante 85
rudigooo: posts the ante 85
yubrekky: posts the ante 85
ellocofera$i: posts the ante 85
bobitoo198: posts the ante 85
deiraisetonuts: posts the ante 85
nick_skrbn: posts the ante 85
rudigooo: posts small blind 350
yubrekky: posts big blind 700
*** HOLE CARDS ***
Dealt to deiraisetonuts [3c 3s]
ellocofera$i: folds 
bobitoo198: calls 700
deiraisetonuts: calls 700
nick_skrbn: folds 
SuchAniceGuy24: raises 2800 to 3500
szabo700729: folds 
rudigooo: folds 
yubrekky: folds 
bobitoo198: raises 25961 to 29461 and is all-in
deiraisetonuts: folds 
SuchAniceGuy24: folds 
Uncalled bet (25961) returned to bobitoo198
bobitoo198 collected 9430 from pot
bobitoo198: doesn't show hand 
*** SUMMARY ***
Total pot 9430 | Rake 0 
Seat 1: SuchAniceGuy24 folded before Flop
Seat 2: szabo700729 (button) folded before Flop (didn't bet)
Seat 3: rudigooo (small blind) folded before Flop
Seat 4: yubrekky (big blind) folded before Flop
Seat 5: ellocofera$i folded before Flop (didn't bet)
Seat 6: bobitoo198 collected (9430)
Seat 7: deiraisetonuts folded before Flop
Seat 8: nick_skrbn folded before Flop (didn't bet)



PokerStars Hand #248822441342: Tournament #3704767522, €13.50+€13.50+€3.00 EUR Hold'em No Limit - Level XIII (350/700) - 2024/02/11 15:25:58 BRT [2024/02/11 13:25:58 ET]
Table '3704767522 13' 8-max Seat #3 is the button
Seat 1: SuchAniceGuy24 (53090 in chips, €20.25 bounty) 
Seat 2: szabo700729 (20770 in chips, €13.50 bounty) 
Seat 3: rudigooo (24515 in chips, €13.50 bounty) 
Seat 4: yubrekky (10313 in chips, €13.50 bounty) 
Seat 5: ellocofera$i (28729 in chips, €13.50 bounty) 
Seat 6: bobitoo198 (35391 in chips, €20.25 bounty) 
Seat 7: deiraisetonuts (39019 in chips, €20.25 bounty) 
Seat 8: nick_skrbn (54289 in chips, €33.75 bounty) 
SuchAniceGuy24: posts the ante 85
szabo700729: posts the ante 85
rudigooo: posts the ante 85
yubrekky: posts the ante 85
ellocofera$i: posts the ante 85
bobitoo198: posts the ante 85
deiraisetonuts: posts the ante 85
nick_skrbn: posts the ante 85
yubrekky: posts small blind 350
ellocofera$i: posts big blind 700
*** HOLE CARDS ***
Dealt to deiraisetonuts [Td 8d]
bobitoo198: calls 700
deiraisetonuts: calls 700
nick_skrbn: folds 
SuchAniceGuy24: folds 
szabo700729: raises 700 to 1400
rudigooo: folds 
yubrekky: folds 
ellocofera$i: folds 
bobitoo198: calls 700
deiraisetonuts: calls 700
*** FLOP *** [4s Kh Kd]
bobitoo198: checks 
deiraisetonuts: checks 
szabo700729: bets 1400
bobitoo198: folds 
deiraisetonuts: folds 
Uncalled bet (1400) returned to szabo700729
szabo700729 collected 5930 from pot
szabo700729: doesn't show hand 
*** SUMMARY ***
Total pot 5930 | Rake 0 
Board [4s Kh Kd]
Seat 1: SuchAniceGuy24 folded before Flop (didn't bet)
Seat 2: szabo700729 collected (5930)
Seat 3: rudigooo (button) folded before Flop (didn't bet)
Seat 4: yubrekky (small blind) folded before Flop
Seat 5: ellocofera$i (big blind) folded before Flop
Seat 6: bobitoo198 folded on the Flop
Seat 7: deiraisetonuts folded on the Flop
Seat 8: nick_skrbn folded before Flop (didn't bet)



PokerStars Hand #248822468969: Tournament #3704767522, €13.50+€13.50+€3.00 EUR Hold'em No Limit - Level XIV (400/800) - 2024/02/11 15:27:09 BRT [2024/02/11 13:27:09 ET]
Table '3704767522 13' 8-max Seat #4 is the button
Seat 1: SuchAniceGuy24 (53005 in chips, €20.25 bounty) 
Seat 2: szabo700729 (25215 in chips, €13.50 bounty) 
Seat 3: rudigooo (24430 in chips, €13.50 bounty) 
Seat 4: yubrekky (9878 in chips, €13.50 bounty) 
Seat 5: ellocofera$i (27944 in chips, €13.50 bounty) 
Seat 6: bobitoo198 (33906 in chips, €20.25 bounty) 
Seat 7: deiraisetonuts (37534 in chips, €20.25 bounty) 
Seat 8: nick_skrbn (54204 in chips, €33.75 bounty) 
SuchAniceGuy24: posts the ante 100
szabo700729: posts the ante 100
rudigooo: posts the ante 100
yubrekky: posts the ante 100
ellocofera$i: posts the ante 100
bobitoo198: posts the ante 100
deiraisetonuts: posts the ante 100
nick_skrbn: posts the ante 100
ellocofera$i: posts small blind 400
bobitoo198: posts big blind 800
*** HOLE CARDS ***
Dealt to deiraisetonuts [Js 5d]
deiraisetonuts: folds 
nick_skrbn: raises 960 to 1760
SuchAniceGuy24: folds 
szabo700729: calls 1760
rudigooo: folds 
yubrekky: folds 
ellocofera$i: raises 4400 to 6160
bobitoo198: folds 
nick_skrbn: folds 
szabo700729: calls 4400
*** FLOP *** [Qd 8s Ad]
ellocofera$i: checks 
szabo700729: checks 
*** TURN *** [Qd 8s Ad] [3h]
ellocofera$i: checks 
szabo700729: checks 
*** RIVER *** [Qd 8s Ad 3h] [4d]
ellocofera$i: bets 3920
szabo700729: folds 
Uncalled bet (3920) returned to ellocofera$i
ellocofera$i collected 15680 from pot
ellocofera$i: doesn't show hand 
*** SUMMARY ***
Total pot 15680 | Rake 0 
Board [Qd 8s Ad 3h 4d]
Seat 1: SuchAniceGuy24 folded before Flop (didn't bet)
Seat 2: szabo700729 folded on the River
Seat 3: rudigooo folded before Flop (didn't bet)
Seat 4: yubrekky (button) folded before Flop (didn't bet)
Seat 5: ellocofera$i (small blind) collected (15680)
Seat 6: bobitoo198 (big blind) folded before Flop
Seat 7: deiraisetonuts folded before Flop (didn't bet)
Seat 8: nick_skrbn folded before Flop



PokerStars Hand #248822503407: Tournament #3704767522, €13.50+€13.50+€3.00 EUR Hold'em No Limit - Level XIV (400/800) - 2024/02/11 15:28:37 BRT [2024/02/11 13:28:37 ET]
Table '3704767522 13' 8-max Seat #5 is the button
Seat 1: SuchAniceGuy24 (52905 in chips, €20.25 bounty) 
Seat 2: szabo700729 (18955 in chips, €13.50 bounty) 
Seat 3: rudigooo (24330 in chips, €13.50 bounty) 
Seat 4: yubrekky (9778 in chips, €13.50 bounty) 
Seat 5: ellocofera$i (37364 in chips, €13.50 bounty) 
Seat 6: bobitoo198 (33006 in chips, €20.25 bounty) 
Seat 7: deiraisetonuts (37434 in chips, €20.25 bounty) 
Seat 8: nick_skrbn (52344 in chips, €33.75 bounty) 
SuchAniceGuy24: posts the ante 100
szabo700729: posts the ante 100
rudigooo: posts the ante 100
yubrekky: posts the ante 100
ellocofera$i: posts the ante 100
bobitoo198: posts the ante 100
deiraisetonuts: posts the ante 100
nick_skrbn: posts the ante 100
bobitoo198: posts small blind 400
deiraisetonuts: posts big blind 800
*** HOLE CARDS ***
Dealt to deiraisetonuts [5d 6h]
nick_skrbn: folds 
SuchAniceGuy24: folds 
szabo700729: folds 
rudigooo: raises 800 to 1600
yubrekky: calls 1600
ellocofera$i: folds 
bobitoo198: calls 1200
deiraisetonuts: calls 800
*** FLOP *** [9h Tc Kd]
bobitoo198: checks 
deiraisetonuts: checks 
rudigooo: bets 2376
yubrekky: calls 2376
bobitoo198: folds 
deiraisetonuts: folds 
*** TURN *** [9h Tc Kd] [Qd]
rudigooo: bets 6215
yubrekky: calls 5702 and is all-in
Uncalled bet (513) returned to rudigooo
*** RIVER *** [9h Tc Kd Qd] [Kh]
*** SHOW DOWN ***
rudigooo: shows [Ah 3h] (a pair of Kings)
yubrekky: shows [Jc Kc] (a straight, Nine to King)
yubrekky collected 23356 from pot
*** SUMMARY ***
Total pot 23356 | Rake 0 
Board [9h Tc Kd Qd Kh]
Seat 1: SuchAniceGuy24 folded before Flop (didn't bet)
Seat 2: szabo700729 folded before Flop (didn't bet)
Seat 3: rudigooo showed [Ah 3h] and lost with a pair of Kings
Seat 4: yubrekky showed [Jc Kc] and won (23356) with a straight, Nine to King
Seat 5: ellocofera$i (button) folded before Flop (didn't bet)
Seat 6: bobitoo198 (small blind) folded on the Flop
Seat 7: deiraisetonuts (big blind) folded on the Flop
Seat 8: nick_skrbn folded before Flop (didn't bet)



PokerStars Hand #248822543122: Tournament #3704767522, €13.50+€13.50+€3.00 EUR Hold'em No Limit - Level XIV (400/800) - 2024/02/11 15:30:20 BRT [2024/02/11 13:30:20 ET]
Table '3704767522 13' 8-max Seat #6 is the button
Seat 1: SuchAniceGuy24 (52805 in chips, €20.25 bounty) 
Seat 2: szabo700729 (18855 in chips, €13.50 bounty) 
Seat 3: rudigooo (14552 in chips, €13.50 bounty) 
Seat 4: yubrekky (23356 in chips, €13.50 bounty) 
Seat 5: ellocofera$i (37264 in chips, €13.50 bounty) 
Seat 6: bobitoo198 (31306 in chips, €20.25 bounty) 
Seat 7: deiraisetonuts (35734 in chips, €20.25 bounty) 
Seat 8: nick_skrbn (52244 in chips, €33.75 bounty) 
SuchAniceGuy24: posts the ante 100
szabo700729: posts the ante 100
rudigooo: posts the ante 100
yubrekky: posts the ante 100
ellocofera$i: posts the ante 100
bobitoo198: posts the ante 100
deiraisetonuts: posts the ante 100
nick_skrbn: posts the ante 100
deiraisetonuts: posts small blind 400
nick_skrbn: posts big blind 800
*** HOLE CARDS ***
Dealt to deiraisetonuts [8s 5c]
SuchAniceGuy24: raises 800 to 1600
szabo700729: calls 1600
rudigooo: folds 
yubrekky: raises 4800 to 6400
ellocofera$i: folds 
bobitoo198: folds 
deiraisetonuts: folds 
nick_skrbn: folds 
SuchAniceGuy24: folds 
szabo700729: folds 
Uncalled bet (4800) returned to yubrekky
yubrekky collected 6800 from pot
yubrekky: doesn't show hand 
*** SUMMARY ***
Total pot 6800 | Rake 0 
Seat 1: SuchAniceGuy24 folded before Flop
Seat 2: szabo700729 folded before Flop
Seat 3: rudigooo folded before Flop (didn't bet)
Seat 4: yubrekky collected (6800)
Seat 5: ellocofera$i folded before Flop (didn't bet)
Seat 6: bobitoo198 (button) folded before Flop (didn't bet)
Seat 7: deiraisetonuts (small blind) folded before Flop
Seat 8: nick_skrbn (big blind) folded before Flop



PokerStars Hand #248822567349: Tournament #3704767522, €13.50+€13.50+€3.00 EUR Hold'em No Limit - Level XIV (400/800) - 2024/02/11 15:31:21 BRT [2024/02/11 13:31:21 ET]
Table '3704767522 13' 8-max Seat #7 is the button
Seat 1: SuchAniceGuy24 (51105 in chips, €20.25 bounty) 
Seat 2: szabo700729 (17155 in chips, €13.50 bounty) 
Seat 3: rudigooo (14452 in chips, €13.50 bounty) 
Seat 4: yubrekky (28456 in chips, €13.50 bounty) 
Seat 5: ellocofera$i (37164 in chips, €13.50 bounty) 
Seat 6: bobitoo198 (31206 in chips, €20.25 bounty) 
Seat 7: deiraisetonuts (35234 in chips, €20.25 bounty) 
Seat 8: nick_skrbn (51344 in chips, €33.75 bounty) 
SuchAniceGuy24: posts the ante 100
szabo700729: posts the ante 100
rudigooo: posts the ante 100
yubrekky: posts the ante 100
ellocofera$i: posts the ante 100
bobitoo198: posts the ante 100
deiraisetonuts: posts the ante 100
nick_skrbn: posts the ante 100
nick_skrbn: posts small blind 400
SuchAniceGuy24: posts big blind 800
*** HOLE CARDS ***
Dealt to deiraisetonuts [7h Kh]
szabo700729: folds 
rudigooo: folds 
yubrekky: folds 
ellocofera$i: folds 
bobitoo198: folds 
deiraisetonuts: raises 880 to 1680
nick_skrbn: folds 
SuchAniceGuy24: calls 880
*** FLOP *** [2h 9s 6c]
SuchAniceGuy24: bets 1600
deiraisetonuts: calls 1600
*** TURN *** [2h 9s 6c] [Jc]
SuchAniceGuy24: bets 4800
deiraisetonuts: folds 
Uncalled bet (4800) returned to SuchAniceGuy24
SuchAniceGuy24 collected 7760 from pot
SuchAniceGuy24: doesn't show hand 
*** SUMMARY ***
Total pot 7760 | Rake 0 
Board [2h 9s 6c Jc]
Seat 1: SuchAniceGuy24 (big blind) collected (7760)
Seat 2: szabo700729 folded before Flop (didn't bet)
Seat 3: rudigooo folded before Flop (didn't bet)
Seat 4: yubrekky folded before Flop (didn't bet)
Seat 5: ellocofera$i folded before Flop (didn't bet)
Seat 6: bobitoo198 folded before Flop (didn't bet)
Seat 7: deiraisetonuts (button) folded on the Turn
Seat 8: nick_skrbn (small blind) folded before Flop



PokerStars Hand #248822598873: Tournament #3704767522, €13.50+€13.50+€3.00 EUR Hold'em No Limit - Level XIV (400/800) - 2024/02/11 15:32:41 BRT [2024/02/11 13:32:41 ET]
Table '3704767522 13' 8-max Seat #8 is the button
Seat 1: SuchAniceGuy24 (55485 in chips, €20.25 bounty) 
Seat 2: szabo700729 (17055 in chips, €13.50 bounty) 
Seat 3: rudigooo (14352 in chips, €13.50 bounty) 
Seat 4: yubrekky (28356 in chips, €13.50 bounty) 
Seat 5: ellocofera$i (37064 in chips, €13.50 bounty) 
Seat 6: bobitoo198 (31106 in chips, €20.25 bounty) 
Seat 7: deiraisetonuts (31854 in chips, €20.25 bounty) 
Seat 8: nick_skrbn (50844 in chips, €33.75 bounty) 
SuchAniceGuy24: posts the ante 100
szabo700729: posts the ante 100
rudigooo: posts the ante 100
yubrekky: posts the ante 100
ellocofera$i: posts the ante 100
bobitoo198: posts the ante 100
deiraisetonuts: posts the ante 100
nick_skrbn: posts the ante 100
SuchAniceGuy24: posts small blind 400
szabo700729: posts big blind 800
*** HOLE CARDS ***
Dealt to deiraisetonuts [6d Kc]
rudigooo: folds 
yubrekky: folds 
ellocofera$i: folds 
bobitoo198: calls 800
deiraisetonuts: folds 
nick_skrbn: raises 2400 to 3200
SuchAniceGuy24: folds 
szabo700729: folds 
bobitoo198: calls 2400
*** FLOP *** [9h 6c 7h]
bobitoo198: checks 
nick_skrbn: bets 2772
bobitoo198: raises 2772 to 5544
nick_skrbn: calls 2772
*** TURN *** [9h 6c 7h] [Jd]
bobitoo198: bets 19488
nick_skrbn: folds 
Uncalled bet (19488) returned to bobitoo198
bobitoo198 collected 19488 from pot
bobitoo198: doesn't show hand 
*** SUMMARY ***
Total pot 19488 | Rake 0 
Board [9h 6c 7h Jd]
Seat 1: SuchAniceGuy24 (small blind) folded before Flop
Seat 2: szabo700729 (big blind) folded before Flop
Seat 3: rudigooo folded before Flop (didn't bet)
Seat 4: yubrekky folded before Flop (didn't bet)
Seat 5: ellocofera$i folded before Flop (didn't bet)
Seat 6: bobitoo198 collected (19488)
Seat 7: deiraisetonuts folded before Flop (didn't bet)
Seat 8: nick_skrbn (button) folded on the Turn



PokerStars Hand #248822619718: Tournament #3704767522, €13.50+€13.50+€3.00 EUR Hold'em No Limit - Level XIV (400/800) - 2024/02/11 15:33:34 BRT [2024/02/11 13:33:34 ET]
Table '3704767522 13' 8-max Seat #1 is the button
Seat 1: SuchAniceGuy24 (54985 in chips, €20.25 bounty) 
Seat 2: szabo700729 (16155 in chips, €13.50 bounty) 
Seat 3: rudigooo (14252 in chips, €13.50 bounty) 
Seat 4: yubrekky (28256 in chips, €13.50 bounty) 
Seat 5: ellocofera$i (36964 in chips, €13.50 bounty) 
Seat 6: bobitoo198 (41750 in chips, €20.25 bounty) 
Seat 7: deiraisetonuts (31754 in chips, €20.25 bounty) 
Seat 8: nick_skrbn (42000 in chips, €33.75 bounty) 
SuchAniceGuy24: posts the ante 100
szabo700729: posts the ante 100
rudigooo: posts the ante 100
yubrekky: posts the ante 100
ellocofera$i: posts the ante 100
bobitoo198: posts the ante 100
deiraisetonuts: posts the ante 100
nick_skrbn: posts the ante 100
szabo700729: posts small blind 400
rudigooo: posts big blind 800
*** HOLE CARDS ***
Dealt to deiraisetonuts [4d Js]
yubrekky: folds 
ellocofera$i: raises 1040 to 1840
bobitoo198: folds 
deiraisetonuts: folds 
nick_skrbn: folds 
SuchAniceGuy24: raises 4560 to 6400
szabo700729: folds 
rudigooo: folds 
ellocofera$i: folds 
Uncalled bet (4560) returned to SuchAniceGuy24
SuchAniceGuy24 collected 5680 from pot
SuchAniceGuy24: doesn't show hand 
*** SUMMARY ***
Total pot 5680 | Rake 0 
Seat 1: SuchAniceGuy24 (button) collected (5680)
Seat 2: szabo700729 (small blind) folded before Flop
Seat 3: rudigooo (big blind) folded before Flop
Seat 4: yubrekky folded before Flop (didn't bet)
Seat 5: ellocofera$i folded before Flop
Seat 6: bobitoo198 folded before Flop (didn't bet)
Seat 7: deiraisetonuts folded before Flop (didn't bet)
Seat 8: nick_skrbn folded before Flop (didn't bet)



PokerStars Hand #248822634907: Tournament #3704767522, €13.50+€13.50+€3.00 EUR Hold'em No Limit - Level XIV (400/800) - 2024/02/11 15:34:12 BRT [2024/02/11 13:34:12 ET]
Table '3704767522 13' 8-max Seat #2 is the button
Seat 1: SuchAniceGuy24 (58725 in chips, €20.25 bounty) 
Seat 2: szabo700729 (15655 in chips, €13.50 bounty) 
Seat 3: rudigooo (13352 in chips, €13.50 bounty) 
Seat 4: yubrekky (28156 in chips, €13.50 bounty) 
Seat 5: ellocofera$i (35024 in chips, €13.50 bounty) 
Seat 6: bobitoo198 (41650 in chips, €20.25 bounty) 
Seat 7: deiraisetonuts (31654 in chips, €20.25 bounty) 
Seat 8: nick_skrbn (41900 in chips, €33.75 bounty) 
SuchAniceGuy24: posts the ante 100
szabo700729: posts the ante 100
rudigooo: posts the ante 100
yubrekky: posts the ante 100
ellocofera$i: posts the ante 100
bobitoo198: posts the ante 100
deiraisetonuts: posts the ante 100
nick_skrbn: posts the ante 100
rudigooo: posts small blind 400
yubrekky: posts big blind 800
*** HOLE CARDS ***
Dealt to deiraisetonuts [2h 6c]
ellocofera$i: folds 
bobitoo198: calls 800
deiraisetonuts: folds 
nick_skrbn: folds 
SuchAniceGuy24: raises 2000 to 2800
szabo700729: folds 
rudigooo: folds 
yubrekky: folds 
bobitoo198: calls 2000
*** FLOP *** [4s Ah 7c]
bobitoo198: checks 
SuchAniceGuy24: bets 2400
bobitoo198: calls 2400
*** TURN *** [4s Ah 7c] [5d]
bobitoo198: checks 
SuchAniceGuy24: bets 8000
bobitoo198: raises 28350 to 36350 and is all-in
SuchAniceGuy24: folds 
Uncalled bet (28350) returned to bobitoo198
bobitoo198 collected 28400 from pot
bobitoo198: doesn't show hand 
*** SUMMARY ***
Total pot 28400 | Rake 0 
Board [4s Ah 7c 5d]
Seat 1: SuchAniceGuy24 folded on the Turn
Seat 2: szabo700729 (button) folded before Flop (didn't bet)
Seat 3: rudigooo (small blind) folded before Flop
Seat 4: yubrekky (big blind) folded before Flop
Seat 5: ellocofera$i folded before Flop (didn't bet)
Seat 6: bobitoo198 collected (28400)
Seat 7: deiraisetonuts folded before Flop (didn't bet)
Seat 8: nick_skrbn folded before Flop (didn't bet)



PokerStars Hand #248822662445: Tournament #3704767522, €13.50+€13.50+€3.00 EUR Hold'em No Limit - Level XIV (400/800) - 2024/02/11 15:35:22 BRT [2024/02/11 13:35:22 ET]
Table '3704767522 13' 8-max Seat #3 is the button
Seat 1: SuchAniceGuy24 (45425 in chips, €20.25 bounty) 
Seat 2: szabo700729 (15555 in chips, €13.50 bounty) 
Seat 3: rudigooo (12852 in chips, €13.50 bounty) 
Seat 4: yubrekky (27256 in chips, €13.50 bounty) 
Seat 5: ellocofera$i (34924 in chips, €13.50 bounty) 
Seat 6: bobitoo198 (56750 in chips, €20.25 bounty) 
Seat 7: deiraisetonuts (31554 in chips, €20.25 bounty) 
Seat 8: nick_skrbn (41800 in chips, €33.75 bounty) 
SuchAniceGuy24: posts the ante 100
szabo700729: posts the ante 100
rudigooo: posts the ante 100
yubrekky: posts the ante 100
ellocofera$i: posts the ante 100
bobitoo198: posts the ante 100
deiraisetonuts: posts the ante 100
nick_skrbn: posts the ante 100
yubrekky: posts small blind 400
ellocofera$i: posts big blind 800
*** HOLE CARDS ***
Dealt to deiraisetonuts [7d Qd]
bobitoo198: calls 800
deiraisetonuts: folds 
nick_skrbn: raises 2000 to 2800
SuchAniceGuy24: folds 
szabo700729: folds 
rudigooo: raises 9952 to 12752 and is all-in
yubrekky: folds 
ellocofera$i: folds 
bobitoo198: folds 
nick_skrbn: folds 
Uncalled bet (9952) returned to rudigooo
rudigooo collected 8400 from pot
rudigooo: doesn't show hand 
*** SUMMARY ***
Total pot 8400 | Rake 0 
Seat 1: SuchAniceGuy24 folded before Flop (didn't bet)
Seat 2: szabo700729 folded before Flop (didn't bet)
Seat 3: rudigooo (button) collected (8400)
Seat 4: yubrekky (small blind) folded before Flop
Seat 5: ellocofera$i (big blind) folded before Flop
Seat 6: bobitoo198 folded before Flop
Seat 7: deiraisetonuts folded before Flop (didn't bet)
Seat 8: nick_skrbn folded before Flop



PokerStars Hand #248822693674: Tournament #3704767522, €13.50+€13.50+€3.00 EUR Hold'em No Limit - Level XIV (400/800) - 2024/02/11 15:36:40 BRT [2024/02/11 13:36:40 ET]
Table '3704767522 13' 8-max Seat #4 is the button
Seat 1: SuchAniceGuy24 (45325 in chips, €20.25 bounty) 
Seat 2: szabo700729 (15455 in chips, €13.50 bounty) 
Seat 3: rudigooo (18352 in chips, €13.50 bounty) 
Seat 4: yubrekky (26756 in chips, €13.50 bounty) 
Seat 5: ellocofera$i (34024 in chips, €13.50 bounty) 
Seat 6: bobitoo198 (55850 in chips, €20.25 bounty) 
Seat 7: deiraisetonuts (31454 in chips, €20.25 bounty) 
Seat 8: nick_skrbn (38900 in chips, €33.75 bounty) 
SuchAniceGuy24: posts the ante 100
szabo700729: posts the ante 100
rudigooo: posts the ante 100
yubrekky: posts the ante 100
ellocofera$i: posts the ante 100
bobitoo198: posts the ante 100
deiraisetonuts: posts the ante 100
nick_skrbn: posts the ante 100
ellocofera$i: posts small blind 400
bobitoo198: posts big blind 800
*** HOLE CARDS ***
Dealt to deiraisetonuts [6h 9d]
deiraisetonuts: folds 
nick_skrbn: folds 
SuchAniceGuy24: folds 
szabo700729: folds 
rudigooo: folds 
yubrekky: folds 
ellocofera$i: raises 2400 to 3200
bobitoo198: calls 2400
*** FLOP *** [7d Jd 7c]
ellocofera$i: bets 3600
bobitoo198: folds 
Uncalled bet (3600) returned to ellocofera$i
ellocofera$i collected 7200 from pot
ellocofera$i: doesn't show hand 
*** SUMMARY ***
Total pot 7200 | Rake 0 
Board [7d Jd 7c]
Seat 1: SuchAniceGuy24 folded before Flop (didn't bet)
Seat 2: szabo700729 folded before Flop (didn't bet)
Seat 3: rudigooo folded before Flop (didn't bet)
Seat 4: yubrekky (button) folded before Flop (didn't bet)
Seat 5: ellocofera$i (small blind) collected (7200)
Seat 6: bobitoo198 (big blind) folded on the Flop
Seat 7: deiraisetonuts folded before Flop (didn't bet)
Seat 8: nick_skrbn folded before Flop (didn't bet)



PokerStars Hand #248822713949: Tournament #3704767522, €13.50+€13.50+€3.00 EUR Hold'em No Limit - Level XV (500/1000) - 2024/02/11 15:37:32 BRT [2024/02/11 13:37:32 ET]
Table '3704767522 13' 8-max Seat #5 is the button
Seat 1: SuchAniceGuy24 (45225 in chips, €20.25 bounty) 
Seat 2: szabo700729 (15355 in chips, €13.50 bounty) 
Seat 3: rudigooo (18252 in chips, €13.50 bounty) 
Seat 4: yubrekky (26656 in chips, €13.50 bounty) 
Seat 5: ellocofera$i (37924 in chips, €13.50 bounty) 
Seat 6: bobitoo198 (52550 in chips, €20.25 bounty) 
Seat 7: deiraisetonuts (31354 in chips, €20.25 bounty) 
Seat 8: nick_skrbn (38800 in chips, €33.75 bounty) 
SuchAniceGuy24: posts the ante 125
szabo700729: posts the ante 125
rudigooo: posts the ante 125
yubrekky: posts the ante 125
ellocofera$i: posts the ante 125
bobitoo198: posts the ante 125
deiraisetonuts: posts the ante 125
nick_skrbn: posts the ante 125
bobitoo198: posts small blind 500
deiraisetonuts: posts big blind 1000
*** HOLE CARDS ***
Dealt to deiraisetonuts [3c Kh]
nick_skrbn: folds 
SuchAniceGuy24: folds 
szabo700729: raises 14230 to 15230 and is all-in
rudigooo: folds 
yubrekky: folds 
ellocofera$i: folds 
bobitoo198: calls 14730
deiraisetonuts: folds 
*** FLOP *** [5h 4s 5d]
*** TURN *** [5h 4s 5d] [3h]
*** RIVER *** [5h 4s 5d 3h] [3s]
*** SHOW DOWN ***
bobitoo198: shows [Ah As] (two pair, Aces and Fives)
szabo700729: shows [Qd Ac] (two pair, Fives and Threes)
bobitoo198 collected 32460 from pot
bobitoo198 wins €6.75 for eliminating szabo700729 and their own bounty increases by €6.75 to €27
szabo700729 finished the tournament
*** SUMMARY ***
Total pot 32460 | Rake 0 
Board [5h 4s 5d 3h 3s]
Seat 1: SuchAniceGuy24 folded before Flop (didn't bet)
Seat 2: szabo700729 showed [Qd Ac] and lost with two pair, Fives and Threes
Seat 3: rudigooo folded before Flop (didn't bet)
Seat 4: yubrekky folded before Flop (didn't bet)
Seat 5: ellocofera$i (button) folded before Flop (didn't bet)
Seat 6: bobitoo198 (small blind) showed [Ah As] and won (32460) with two pair, Aces and Fives
Seat 7: deiraisetonuts (big blind) folded before Flop
Seat 8: nick_skrbn folded before Flop (didn't bet)



PokerStars Hand #248822731388: Tournament #3704767522, €13.50+€13.50+€3.00 EUR Hold'em No Limit - Level XV (500/1000) - 2024/02/11 15:38:16 BRT [2024/02/11 13:38:16 ET]
Table '3704767522 13' 8-max Seat #6 is the button
Seat 1: SuchAniceGuy24 (45100 in chips, €20.25 bounty) 
Seat 3: rudigooo (18127 in chips, €13.50 bounty) 
Seat 4: yubrekky (26531 in chips, €13.50 bounty) 
Seat 5: ellocofera$i (37799 in chips, €13.50 bounty) 
Seat 6: bobitoo198 (69655 in chips, €27 bounty) 
Seat 7: deiraisetonuts (30229 in chips, €20.25 bounty) 
Seat 8: nick_skrbn (38675 in chips, €33.75 bounty) 
SuchAniceGuy24: posts the ante 125
rudigooo: posts the ante 125
yubrekky: posts the ante 125
ellocofera$i: posts the ante 125
bobitoo198: posts the ante 125
deiraisetonuts: posts the ante 125
nick_skrbn: posts the ante 125
deiraisetonuts: posts small blind 500
nick_skrbn: posts big blind 1000
*** HOLE CARDS ***
Dealt to deiraisetonuts [Qd 9s]
SuchAniceGuy24: folds 
rudigooo: folds 
yubrekky: folds 
ellocofera$i: folds 
bobitoo198: calls 1000
Francua Pegeoun is disconnected 
deiraisetonuts: calls 500
nick_skrbn: raises 3500 to 4500
bobitoo198: folds 
deiraisetonuts: calls 3500
*** FLOP *** [3d 7c 5c]
deiraisetonuts: checks 
nick_skrbn: bets 3589
deiraisetonuts: folds 
Uncalled bet (3589) returned to nick_skrbn
nick_skrbn collected 10875 from pot
*** SUMMARY ***
Total pot 10875 | Rake 0 
Board [3d 7c 5c]
Seat 1: SuchAniceGuy24 folded before Flop (didn't bet)
Seat 3: rudigooo folded before Flop (didn't bet)
Seat 4: yubrekky folded before Flop (didn't bet)
Seat 5: ellocofera$i folded before Flop (didn't bet)
Seat 6: bobitoo198 (button) folded before Flop
Seat 7: deiraisetonuts (small blind) folded on the Flop
Seat 8: nick_skrbn (big blind) collected (10875)



PokerStars Hand #248822772697: Tournament #3704767522, €13.50+€13.50+€3.00 EUR Hold'em No Limit - Level XV (500/1000) - 2024/02/11 15:40:01 BRT [2024/02/11 13:40:01 ET]
Table '3704767522 13' 8-max Seat #7 is the button
Seat 1: SuchAniceGuy24 (44975 in chips, €20.25 bounty) 
Seat 2: Francua Pegeoun (34962 in chips, €23.62 bounty) 
Seat 3: rudigooo (18002 in chips, €13.50 bounty) 
Seat 4: yubrekky (26406 in chips, €13.50 bounty) 
Seat 5: ellocofera$i (37674 in chips, €13.50 bounty) 
Seat 6: bobitoo198 (68530 in chips, €27 bounty) 
Seat 7: deiraisetonuts (25604 in chips, €20.25 bounty) 
Seat 8: nick_skrbn (44925 in chips, €33.75 bounty) 
SuchAniceGuy24: posts the ante 125
Francua Pegeoun: posts the ante 125
rudigooo: posts the ante 125
yubrekky: posts the ante 125
ellocofera$i: posts the ante 125
bobitoo198: posts the ante 125
deiraisetonuts: posts the ante 125
nick_skrbn: posts the ante 125
nick_skrbn: posts small blind 500
SuchAniceGuy24: posts big blind 1000
*** HOLE CARDS ***
Dealt to deiraisetonuts [Jc 9d]
Francua Pegeoun: folds 
rudigooo: folds 
yubrekky: folds 
ellocofera$i: folds 
bobitoo198: calls 1000
deiraisetonuts: folds 
nick_skrbn: calls 500
SuchAniceGuy24: raises 4500 to 5500
bobitoo198: folds 
nick_skrbn: folds 
Uncalled bet (4500) returned to SuchAniceGuy24
SuchAniceGuy24 collected 4000 from pot
SuchAniceGuy24: doesn't show hand 
*** SUMMARY ***
Total pot 4000 | Rake 0 
Seat 1: SuchAniceGuy24 (big blind) collected (4000)
Seat 2: Francua Pegeoun folded before Flop (didn't bet)
Seat 3: rudigooo folded before Flop (didn't bet)
Seat 4: yubrekky folded before Flop (didn't bet)
Seat 5: ellocofera$i folded before Flop (didn't bet)
Seat 6: bobitoo198 folded before Flop
Seat 7: deiraisetonuts (button) folded before Flop (didn't bet)
Seat 8: nick_skrbn (small blind) folded before Flop



PokerStars Hand #248822793971: Tournament #3704767522, €13.50+€13.50+€3.00 EUR Hold'em No Limit - Level XV (500/1000) - 2024/02/11 15:40:55 BRT [2024/02/11 13:40:55 ET]
Table '3704767522 13' 8-max Seat #8 is the button
Seat 1: SuchAniceGuy24 (47850 in chips, €20.25 bounty) 
Seat 2: Francua Pegeoun (34837 in chips, €23.62 bounty) 
Seat 3: rudigooo (17877 in chips, €13.50 bounty) 
Seat 4: yubrekky (26281 in chips, €13.50 bounty) 
Seat 5: ellocofera$i (37549 in chips, €13.50 bounty) 
Seat 6: bobitoo198 (67405 in chips, €27 bounty) 
Seat 7: deiraisetonuts (25479 in chips, €20.25 bounty) 
Seat 8: nick_skrbn (43800 in chips, €33.75 bounty) 
SuchAniceGuy24: posts the ante 125
Francua Pegeoun: posts the ante 125
rudigooo: posts the ante 125
yubrekky: posts the ante 125
ellocofera$i: posts the ante 125
bobitoo198: posts the ante 125
deiraisetonuts: posts the ante 125
nick_skrbn: posts the ante 125
SuchAniceGuy24: posts small blind 500
Francua Pegeoun: posts big blind 1000
*** HOLE CARDS ***
Dealt to deiraisetonuts [Jc Qd]
rudigooo: folds 
yubrekky: folds 
ellocofera$i: folds 
bobitoo198: calls 1000
deiraisetonuts: calls 1000
nick_skrbn: folds 
SuchAniceGuy24: raises 6000 to 7000
Francua Pegeoun: folds 
bobitoo198: calls 6000
deiraisetonuts: folds 
*** FLOP *** [Js 9h 9d]
SuchAniceGuy24: bets 6000
bobitoo198: calls 6000
*** TURN *** [Js 9h 9d] [Td]
SuchAniceGuy24: checks 
bobitoo198: bets 6000
SuchAniceGuy24: calls 6000
*** RIVER *** [Js 9h 9d Td] [Jd]
SuchAniceGuy24: checks 
bobitoo198: checks 
*** SHOW DOWN ***
SuchAniceGuy24: shows [8c 8d] (two pair, Jacks and Nines)
bobitoo198: shows [Tc Kh] (two pair, Jacks and Tens)
bobitoo198 collected 41000 from pot
*** SUMMARY ***
Total pot 41000 | Rake 0 
Board [Js 9h 9d Td Jd]
Seat 1: SuchAniceGuy24 (small blind) showed [8c 8d] and lost with two pair, Jacks and Nines
Seat 2: Francua Pegeoun (big blind) folded before Flop
Seat 3: rudigooo folded before Flop (didn't bet)
Seat 4: yubrekky folded before Flop (didn't bet)
Seat 5: ellocofera$i folded before Flop (didn't bet)
Seat 6: bobitoo198 showed [Tc Kh] and won (41000) with two pair, Jacks and Tens
Seat 7: deiraisetonuts folded before Flop
Seat 8: nick_skrbn (button) folded before Flop (didn't bet)



PokerStars Hand #248822822643: Tournament #3704767522, €13.50+€13.50+€3.00 EUR Hold'em No Limit - Level XV (500/1000) - 2024/02/11 15:42:08 BRT [2024/02/11 13:42:08 ET]
Table '3704767522 13' 8-max Seat #1 is the button
Seat 1: SuchAniceGuy24 (28725 in chips, €20.25 bounty) 
Seat 2: Francua Pegeoun (33712 in chips, €23.62 bounty) 
Seat 3: rudigooo (17752 in chips, €13.50 bounty) 
Seat 4: yubrekky (26156 in chips, €13.50 bounty) 
Seat 5: ellocofera$i (37424 in chips, €13.50 bounty) 
Seat 6: bobitoo198 (89280 in chips, €27 bounty) 
Seat 7: deiraisetonuts (24354 in chips, €20.25 bounty) 
Seat 8: nick_skrbn (43675 in chips, €33.75 bounty) 
SuchAniceGuy24: posts the ante 125
Francua Pegeoun: posts the ante 125
rudigooo: posts the ante 125
yubrekky: posts the ante 125
ellocofera$i: posts the ante 125
bobitoo198: posts the ante 125
deiraisetonuts: posts the ante 125
nick_skrbn: posts the ante 125
Francua Pegeoun: posts small blind 500
rudigooo: posts big blind 1000
*** HOLE CARDS ***
Dealt to deiraisetonuts [9h Ad]
yubrekky: folds 
ellocofera$i: folds 
bobitoo198: calls 1000
deiraisetonuts: folds 
nick_skrbn: folds 
SuchAniceGuy24: folds 
Francua Pegeoun: calls 500
rudigooo: checks 
*** FLOP *** [5s As Kd]
Francua Pegeoun: checks 
rudigooo: checks 
bobitoo198: checks 
*** TURN *** [5s As Kd] [Td]
Francua Pegeoun: checks 
rudigooo: checks 
bobitoo198: checks 
*** RIVER *** [5s As Kd Td] [Qs]
Francua Pegeoun: checks 
rudigooo: checks 
bobitoo198: checks 
*** SHOW DOWN ***
Francua Pegeoun: shows [2d Qd] (a pair of Queens)
rudigooo: shows [Kc 3c] (a pair of Kings)
bobitoo198: mucks hand 
rudigooo collected 4000 from pot
*** SUMMARY ***
Total pot 4000 | Rake 0 
Board [5s As Kd Td Qs]
Seat 1: SuchAniceGuy24 (button) folded before Flop (didn't bet)
Seat 2: Francua Pegeoun (small blind) showed [2d Qd] and lost with a pair of Queens
Seat 3: rudigooo (big blind) showed [Kc 3c] and won (4000) with a pair of Kings
Seat 4: yubrekky folded before Flop (didn't bet)
Seat 5: ellocofera$i folded before Flop (didn't bet)
Seat 6: bobitoo198 mucked [Qc 7s]
Seat 7: deiraisetonuts folded before Flop (didn't bet)
Seat 8: nick_skrbn folded before Flop (didn't bet)



PokerStars Hand #248822866530: Tournament #3704767522, €13.50+€13.50+€3.00 EUR Hold'em No Limit - Level XV (500/1000) - 2024/02/11 15:44:02 BRT [2024/02/11 13:44:02 ET]
Table '3704767522 13' 8-max Seat #2 is the button
Seat 1: SuchAniceGuy24 (28600 in chips, €20.25 bounty) 
Seat 2: Francua Pegeoun (32587 in chips, €23.62 bounty) 
Seat 3: rudigooo (20627 in chips, €13.50 bounty) 
Seat 4: yubrekky (26031 in chips, €13.50 bounty) 
Seat 5: ellocofera$i (37299 in chips, €13.50 bounty) 
Seat 6: bobitoo198 (88155 in chips, €27 bounty) 
Seat 7: deiraisetonuts (24229 in chips, €20.25 bounty) 
Seat 8: nick_skrbn (43550 in chips, €33.75 bounty) 
SuchAniceGuy24: posts the ante 125
Francua Pegeoun: posts the ante 125
rudigooo: posts the ante 125
yubrekky: posts the ante 125
ellocofera$i: posts the ante 125
bobitoo198: posts the ante 125
deiraisetonuts: posts the ante 125
nick_skrbn: posts the ante 125
rudigooo: posts small blind 500
yubrekky: posts big blind 1000
*** HOLE CARDS ***
Dealt to deiraisetonuts [Jh 7h]
ellocofera$i: folds 
bobitoo198: folds 
deiraisetonuts: folds 
nick_skrbn: folds 
SuchAniceGuy24: folds 
Francua Pegeoun: raises 1000 to 2000
rudigooo: folds 
yubrekky: calls 1000
*** FLOP *** [4d Qh 2s]
yubrekky: checks 
Francua Pegeoun: bets 1815
yubrekky: calls 1815
*** TURN *** [4d Qh 2s] [9d]
yubrekky: checks 
Francua Pegeoun: checks 
*** RIVER *** [4d Qh 2s 9d] [9s]
yubrekky: checks 
Francua Pegeoun: checks 
*** SHOW DOWN ***
yubrekky: shows [As 2h] (two pair, Nines and Deuces)
Francua Pegeoun: mucks hand 
yubrekky collected 9130 from pot
*** SUMMARY ***
Total pot 9130 | Rake 0 
Board [4d Qh 2s 9d 9s]
Seat 1: SuchAniceGuy24 folded before Flop (didn't bet)
Seat 2: Francua Pegeoun (button) mucked [Ah Th]
Seat 3: rudigooo (small blind) folded before Flop
Seat 4: yubrekky (big blind) showed [As 2h] and won (9130) with two pair, Nines and Deuces
Seat 5: ellocofera$i folded before Flop (didn't bet)
Seat 6: bobitoo198 folded before Flop (didn't bet)
Seat 7: deiraisetonuts folded before Flop (didn't bet)
Seat 8: nick_skrbn folded before Flop (didn't bet)



PokerStars Hand #248822917375: Tournament #3704767522, €13.50+€13.50+€3.00 EUR Hold'em No Limit - Level XV (500/1000) - 2024/02/11 15:46:12 BRT [2024/02/11 13:46:12 ET]
Table '3704767522 13' 8-max Seat #3 is the button
Seat 1: SuchAniceGuy24 (28475 in chips, €20.25 bounty) 
Seat 2: Francua Pegeoun (28647 in chips, €23.62 bounty) 
Seat 3: rudigooo (20002 in chips, €13.50 bounty) 
Seat 4: yubrekky (31221 in chips, €13.50 bounty) 
Seat 5: ellocofera$i (37174 in chips, €13.50 bounty) 
Seat 6: bobitoo198 (88030 in chips, €27 bounty) 
Seat 7: deiraisetonuts (24104 in chips, €20.25 bounty) 
Seat 8: nick_skrbn (43425 in chips, €33.75 bounty) 
SuchAniceGuy24: posts the ante 125
Francua Pegeoun: posts the ante 125
rudigooo: posts the ante 125
yubrekky: posts the ante 125
ellocofera$i: posts the ante 125
bobitoo198: posts the ante 125
deiraisetonuts: posts the ante 125
nick_skrbn: posts the ante 125
yubrekky: posts small blind 500
ellocofera$i: posts big blind 1000
*** HOLE CARDS ***
Dealt to deiraisetonuts [3h Js]
bobitoo198: folds 
deiraisetonuts: folds 
nick_skrbn: folds 
SuchAniceGuy24: folds 
Francua Pegeoun: folds 
rudigooo: raises 1000 to 2000
yubrekky: folds 
ellocofera$i: folds 
Uncalled bet (1000) returned to rudigooo
rudigooo collected 3500 from pot
rudigooo: doesn't show hand 
*** SUMMARY ***
Total pot 3500 | Rake 0 
Seat 1: SuchAniceGuy24 folded before Flop (didn't bet)
Seat 2: Francua Pegeoun folded before Flop (didn't bet)
Seat 3: rudigooo (button) collected (3500)
Seat 4: yubrekky (small blind) folded before Flop
Seat 5: ellocofera$i (big blind) folded before Flop
Seat 6: bobitoo198 folded before Flop (didn't bet)
Seat 7: deiraisetonuts folded before Flop (didn't bet)
Seat 8: nick_skrbn folded before Flop (didn't bet)



PokerStars Hand #248822934743: Tournament #3704767522, €13.50+€13.50+€3.00 EUR Hold'em No Limit - Level XV (500/1000) - 2024/02/11 15:46:56 BRT [2024/02/11 13:46:56 ET]
Table '3704767522 13' 8-max Seat #4 is the button
Seat 1: SuchAniceGuy24 (28350 in chips, €20.25 bounty) 
Seat 2: Francua Pegeoun (28522 in chips, €23.62 bounty) 
Seat 3: rudigooo (22377 in chips, €13.50 bounty) 
Seat 4: yubrekky (30596 in chips, €13.50 bounty) 
Seat 5: ellocofera$i (36049 in chips, €13.50 bounty) 
Seat 6: bobitoo198 (87905 in chips, €27 bounty) 
Seat 7: deiraisetonuts (23979 in chips, €20.25 bounty) 
Seat 8: nick_skrbn (43300 in chips, €33.75 bounty) 
SuchAniceGuy24: posts the ante 125
Francua Pegeoun: posts the ante 125
rudigooo: posts the ante 125
yubrekky: posts the ante 125
ellocofera$i: posts the ante 125
bobitoo198: posts the ante 125
deiraisetonuts: posts the ante 125
nick_skrbn: posts the ante 125
ellocofera$i: posts small blind 500
bobitoo198: posts big blind 1000
*** HOLE CARDS ***
Dealt to deiraisetonuts [4s Jc]
deiraisetonuts: folds 
nick_skrbn: raises 1000 to 2000
SuchAniceGuy24: folds 
Francua Pegeoun: folds 
rudigooo: raises 20252 to 22252 and is all-in
yubrekky: folds 
ellocofera$i: folds 
bobitoo198: folds 
nick_skrbn: folds 
Uncalled bet (20252) returned to rudigooo
rudigooo collected 6500 from pot
rudigooo: doesn't show hand 
*** SUMMARY ***
Total pot 6500 | Rake 0 
Seat 1: SuchAniceGuy24 folded before Flop (didn't bet)
Seat 2: Francua Pegeoun folded before Flop (didn't bet)
Seat 3: rudigooo collected (6500)
Seat 4: yubrekky (button) folded before Flop (didn't bet)
Seat 5: ellocofera$i (small blind) folded before Flop
Seat 6: bobitoo198 (big blind) folded before Flop
Seat 7: deiraisetonuts folded before Flop (didn't bet)
Seat 8: nick_skrbn folded before Flop



PokerStars Hand #248822958910: Tournament #3704767522, €13.50+€13.50+€3.00 EUR Hold'em No Limit - Level XVI (600/1200) - 2024/02/11 15:47:58 BRT [2024/02/11 13:47:58 ET]
Table '3704767522 13' 8-max Seat #5 is the button
Seat 1: SuchAniceGuy24 (28225 in chips, €20.25 bounty) 
Seat 2: Francua Pegeoun (28397 in chips, €23.62 bounty) 
Seat 3: rudigooo (26752 in chips, €13.50 bounty) 
Seat 4: yubrekky (30471 in chips, €13.50 bounty) 
Seat 5: ellocofera$i (35424 in chips, €13.50 bounty) 
Seat 6: bobitoo198 (86780 in chips, €27 bounty) 
Seat 7: deiraisetonuts (23854 in chips, €20.25 bounty) 
Seat 8: nick_skrbn (41175 in chips, €33.75 bounty) 
SuchAniceGuy24: posts the ante 150
Francua Pegeoun: posts the ante 150
rudigooo: posts the ante 150
yubrekky: posts the ante 150
ellocofera$i: posts the ante 150
bobitoo198: posts the ante 150
deiraisetonuts: posts the ante 150
nick_skrbn: posts the ante 150
bobitoo198: posts small blind 600
deiraisetonuts: posts big blind 1200
*** HOLE CARDS ***
Dealt to deiraisetonuts [Kc Ac]
nick_skrbn: folds 
SuchAniceGuy24: folds 
Francua Pegeoun: folds 
rudigooo: folds 
yubrekky: folds 
ellocofera$i: raises 1560 to 2760
bobitoo198: folds 
deiraisetonuts: raises 20944 to 23704 and is all-in
ellocofera$i: calls 20944
*** FLOP *** [3h 5s 9h]
*** TURN *** [3h 5s 9h] [Js]
*** RIVER *** [3h 5s 9h Js] [Qc]
*** SHOW DOWN ***
deiraisetonuts: shows [Kc Ac] (high card Ace)
ellocofera$i: shows [Kd Ad] (high card Ace)
deiraisetonuts collected 24604 from pot
ellocofera$i collected 24604 from pot
*** SUMMARY ***
Total pot 49208 | Rake 0 
Board [3h 5s 9h Js Qc]
Seat 1: SuchAniceGuy24 folded before Flop (didn't bet)
Seat 2: Francua Pegeoun folded before Flop (didn't bet)
Seat 3: rudigooo folded before Flop (didn't bet)
Seat 4: yubrekky folded before Flop (didn't bet)
Seat 5: ellocofera$i (button) showed [Kd Ad] and won (24604) with high card Ace
Seat 6: bobitoo198 (small blind) folded before Flop
Seat 7: deiraisetonuts (big blind) showed [Kc Ac] and won (24604) with high card Ace
Seat 8: nick_skrbn folded before Flop (didn't bet)



PokerStars Hand #248822978545: Tournament #3704767522, €13.50+€13.50+€3.00 EUR Hold'em No Limit - Level XVI (600/1200) - 2024/02/11 15:48:49 BRT [2024/02/11 13:48:49 ET]
Table '3704767522 13' 8-max Seat #6 is the button
Seat 1: SuchAniceGuy24 (28075 in chips, €20.25 bounty) 
Seat 2: Francua Pegeoun (28247 in chips, €23.62 bounty) 
Seat 3: rudigooo (26602 in chips, €13.50 bounty) 
Seat 5: ellocofera$i (36174 in chips, €13.50 bounty) 
Seat 6: bobitoo198 (86030 in chips, €27 bounty) 
Seat 7: deiraisetonuts (24604 in chips, €20.25 bounty) 
Seat 8: nick_skrbn (41025 in chips, €33.75 bounty) 
SuchAniceGuy24: posts the ante 150
Francua Pegeoun: posts the ante 150
rudigooo: posts the ante 150
ellocofera$i: posts the ante 150
bobitoo198: posts the ante 150
deiraisetonuts: posts the ante 150
nick_skrbn: posts the ante 150
deiraisetonuts: posts small blind 600
nick_skrbn: posts big blind 1200
*** HOLE CARDS ***
Dealt to deiraisetonuts [As 3h]
SuchAniceGuy24: folds 
Francua Pegeoun: folds 
rudigooo: folds 
ellocofera$i: folds 
bobitoo198: folds 
dipibo7 is disconnected 
deiraisetonuts: raises 23254 to 24454 and is all-in
nick_skrbn: folds 
Uncalled bet (23254) returned to deiraisetonuts
deiraisetonuts collected 3450 from pot
deiraisetonuts: doesn't show hand 
*** SUMMARY ***
Total pot 3450 | Rake 0 
Seat 1: SuchAniceGuy24 folded before Flop (didn't bet)
Seat 2: Francua Pegeoun folded before Flop (didn't bet)
Seat 3: rudigooo folded before Flop (didn't bet)
Seat 5: ellocofera$i folded before Flop (didn't bet)
Seat 6: bobitoo198 (button) folded before Flop (didn't bet)
Seat 7: deiraisetonuts (small blind) collected (3450)
Seat 8: nick_skrbn (big blind) folded before Flop



PokerStars Hand #248822997684: Tournament #3704767522, €13.50+€13.50+€3.00 EUR Hold'em No Limit - Level XVI (600/1200) - 2024/02/11 15:49:39 BRT [2024/02/11 13:49:39 ET]
Table '3704767522 13' 8-max Seat #7 is the button
Seat 1: SuchAniceGuy24 (27925 in chips, €20.25 bounty) 
Seat 2: Francua Pegeoun (28097 in chips, €23.62 bounty) 
Seat 3: rudigooo (26452 in chips, €13.50 bounty) 
Seat 4: dipibo7 (51172 in chips, €13.50 bounty) 
Seat 5: ellocofera$i (36024 in chips, €13.50 bounty) 
Seat 6: bobitoo198 (85880 in chips, €27 bounty) 
Seat 7: deiraisetonuts (26704 in chips, €20.25 bounty) 
Seat 8: nick_skrbn (39675 in chips, €33.75 bounty) 
SuchAniceGuy24: posts the ante 150
Francua Pegeoun: posts the ante 150
rudigooo: posts the ante 150
dipibo7: posts the ante 150
ellocofera$i: posts the ante 150
bobitoo198: posts the ante 150
deiraisetonuts: posts the ante 150
nick_skrbn: posts the ante 150
nick_skrbn: posts small blind 600
SuchAniceGuy24: posts big blind 1200
*** HOLE CARDS ***
Dealt to deiraisetonuts [9s Tc]
Francua Pegeoun: raises 1200 to 2400
rudigooo: folds 
dipibo7: folds 
ellocofera$i: folds 
bobitoo198: folds 
deiraisetonuts: folds 
nick_skrbn: folds 
SuchAniceGuy24: calls 1200
*** FLOP *** [Jc Ac 2s]
SuchAniceGuy24: checks 
Francua Pegeoun: bets 4950
SuchAniceGuy24: folds 
Uncalled bet (4950) returned to Francua Pegeoun
Francua Pegeoun collected 6600 from pot
Francua Pegeoun: doesn't show hand 
*** SUMMARY ***
Total pot 6600 | Rake 0 
Board [Jc Ac 2s]
Seat 1: SuchAniceGuy24 (big blind) folded on the Flop
Seat 2: Francua Pegeoun collected (6600)
Seat 3: rudigooo folded before Flop (didn't bet)
Seat 4: dipibo7 folded before Flop (didn't bet)
Seat 5: ellocofera$i folded before Flop (didn't bet)
Seat 6: bobitoo198 folded before Flop (didn't bet)
Seat 7: deiraisetonuts (button) folded before Flop (didn't bet)
Seat 8: nick_skrbn (small blind) folded before Flop



PokerStars Hand #248823018350: Tournament #3704767522, €13.50+€13.50+€3.00 EUR Hold'em No Limit - Level XVI (600/1200) - 2024/02/11 15:50:33 BRT [2024/02/11 13:50:33 ET]
Table '3704767522 13' 8-max Seat #8 is the button
Seat 1: SuchAniceGuy24 (25375 in chips, €20.25 bounty) 
Seat 2: Francua Pegeoun (32147 in chips, €23.62 bounty) 
Seat 3: rudigooo (26302 in chips, €13.50 bounty) 
Seat 4: dipibo7 (51022 in chips, €13.50 bounty) 
Seat 5: ellocofera$i (35874 in chips, €13.50 bounty) 
Seat 6: bobitoo198 (85730 in chips, €27 bounty) 
Seat 7: deiraisetonuts (26554 in chips, €20.25 bounty) 
Seat 8: nick_skrbn (38925 in chips, €33.75 bounty) 
SuchAniceGuy24: posts the ante 150
Francua Pegeoun: posts the ante 150
rudigooo: posts the ante 150
dipibo7: posts the ante 150
ellocofera$i: posts the ante 150
bobitoo198: posts the ante 150
deiraisetonuts: posts the ante 150
nick_skrbn: posts the ante 150
SuchAniceGuy24: posts small blind 600
Francua Pegeoun: posts big blind 1200
*** HOLE CARDS ***
Dealt to deiraisetonuts [7s 9c]
rudigooo: folds 
dipibo7: folds 
ellocofera$i: raises 1560 to 2760
bobitoo198: calls 2760
deiraisetonuts: folds 
nick_skrbn: folds 
SuchAniceGuy24: folds 
Francua Pegeoun: calls 1560
*** FLOP *** [Kh 2s 3d]
Francua Pegeoun: checks 
ellocofera$i: checks 
bobitoo198: checks 
*** TURN *** [Kh 2s 3d] [Td]
Francua Pegeoun: checks 
ellocofera$i: bets 5040
bobitoo198: calls 5040
Francua Pegeoun: folds 
*** RIVER *** [Kh 2s 3d Td] [Kd]
ellocofera$i: checks 
bobitoo198: checks 
*** SHOW DOWN ***
ellocofera$i: shows [Ah Jd] (a pair of Kings)
bobitoo198: shows [8d Tc] (two pair, Kings and Tens)
bobitoo198 collected 20160 from pot
*** SUMMARY ***
Total pot 20160 | Rake 0 
Board [Kh 2s 3d Td Kd]
Seat 1: SuchAniceGuy24 (small blind) folded before Flop
Seat 2: Francua Pegeoun (big blind) folded on the Turn
Seat 3: rudigooo folded before Flop (didn't bet)
Seat 4: dipibo7 folded before Flop (didn't bet)
Seat 5: ellocofera$i showed [Ah Jd] and lost with a pair of Kings
Seat 6: bobitoo198 showed [8d Tc] and won (20160) with two pair, Kings and Tens
Seat 7: deiraisetonuts folded before Flop (didn't bet)
Seat 8: nick_skrbn (button) folded before Flop (didn't bet)



PokerStars Hand #248823054210: Tournament #3704767522, €13.50+€13.50+€3.00 EUR Hold'em No Limit - Level XVI (600/1200) - 2024/02/11 15:52:08 BRT [2024/02/11 13:52:08 ET]
Table '3704767522 13' 8-max Seat #1 is the button
Seat 1: SuchAniceGuy24 (24625 in chips, €20.25 bounty) 
Seat 2: Francua Pegeoun (29237 in chips, €23.62 bounty) 
Seat 3: rudigooo (26152 in chips, €13.50 bounty) 
Seat 4: dipibo7 (50872 in chips, €13.50 bounty) 
Seat 6: bobitoo198 (97940 in chips, €27 bounty) 
Seat 7: deiraisetonuts (26404 in chips, €20.25 bounty) 
Seat 8: nick_skrbn (38775 in chips, €33.75 bounty) 
SuchAniceGuy24: posts the ante 150
Francua Pegeoun: posts the ante 150
rudigooo: posts the ante 150
dipibo7: posts the ante 150
bobitoo198: posts the ante 150
deiraisetonuts: posts the ante 150
nick_skrbn: posts the ante 150
Francua Pegeoun: posts small blind 600
rudigooo: posts big blind 1200
*** HOLE CARDS ***
Dealt to deiraisetonuts [5h 6c]
dipibo7: folds 
bobitoo198: folds 
deiraisetonuts: folds 
boxer757 is disconnected 
nick_skrbn: folds 
SuchAniceGuy24: raises 1200 to 2400
Francua Pegeoun: calls 1800
rudigooo: calls 1200
*** FLOP *** [Ah 3h 5s]
Francua Pegeoun: checks 
rudigooo: checks 
SuchAniceGuy24: bets 2400
Francua Pegeoun: folds 
rudigooo: raises 3000 to 5400
SuchAniceGuy24: folds 
Uncalled bet (3000) returned to rudigooo
rudigooo collected 13050 from pot
rudigooo: doesn't show hand 
*** SUMMARY ***
Total pot 13050 | Rake 0 
Board [Ah 3h 5s]
Seat 1: SuchAniceGuy24 (button) folded on the Flop
Seat 2: Francua Pegeoun (small blind) folded on the Flop
Seat 3: rudigooo (big blind) collected (13050)
Seat 4: dipibo7 folded before Flop (didn't bet)
Seat 6: bobitoo198 folded before Flop (didn't bet)
Seat 7: deiraisetonuts folded before Flop (didn't bet)
Seat 8: nick_skrbn folded before Flop (didn't bet)



PokerStars Hand #248823103244: Tournament #3704767522, €13.50+€13.50+€3.00 EUR Hold'em No Limit - Level XVI (600/1200) - 2024/02/11 15:54:15 BRT [2024/02/11 13:54:15 ET]
Table '3704767522 13' 8-max Seat #2 is the button
Seat 1: SuchAniceGuy24 (19675 in chips, €20.25 bounty) 
Seat 2: Francua Pegeoun (26687 in chips, €23.62 bounty) 
Seat 3: rudigooo (34252 in chips, €13.50 bounty) 
Seat 4: dipibo7 (50722 in chips, €13.50 bounty) 
Seat 5: boxer757 (28080 in chips, €13.50 bounty) 
Seat 6: bobitoo198 (97790 in chips, €27 bounty) 
Seat 7: deiraisetonuts (26254 in chips, €20.25 bounty) 
Seat 8: nick_skrbn (38625 in chips, €33.75 bounty) 
SuchAniceGuy24: posts the ante 150
Francua Pegeoun: posts the ante 150
rudigooo: posts the ante 150
dipibo7: posts the ante 150
boxer757: posts the ante 150
bobitoo198: posts the ante 150
deiraisetonuts: posts the ante 150
nick_skrbn: posts the ante 150
rudigooo: posts small blind 600
dipibo7: posts big blind 1200
*** HOLE CARDS ***
Dealt to deiraisetonuts [5c Jc]
boxer757: folds 
bobitoo198: folds 
deiraisetonuts: folds 
nick_skrbn: folds 
SuchAniceGuy24: raises 18325 to 19525 and is all-in
Francua Pegeoun: folds 
rudigooo: folds 
dipibo7: folds 
Uncalled bet (18325) returned to SuchAniceGuy24
SuchAniceGuy24 collected 4200 from pot
SuchAniceGuy24: doesn't show hand 
*** SUMMARY ***
Total pot 4200 | Rake 0 
Seat 1: SuchAniceGuy24 collected (4200)
Seat 2: Francua Pegeoun (button) folded before Flop (didn't bet)
Seat 3: rudigooo (small blind) folded before Flop
Seat 4: dipibo7 (big blind) folded before Flop
Seat 5: boxer757 folded before Flop (didn't bet)
Seat 6: bobitoo198 folded before Flop (didn't bet)
Seat 7: deiraisetonuts folded before Flop (didn't bet)
Seat 8: nick_skrbn folded before Flop (didn't bet)



