PokerStars Hand #248820493288: Tournament #3710074788, €9+€9+€2 EUR Hold'em No Limit - Level VIII (125/250) - 2024/02/11 13:53:45 BRT [2024/02/11 11:53:45 ET]
Table '3710074788 12' 9-max Seat #2 is the button
Seat 1: PN7030 (14374 in chips, €9 bounty) 
Seat 2: deiraisetonuts (5079 in chips, €9 bounty) 
Seat 3: mouradinio76 (16626 in chips, €9 bounty) 
Seat 4: vitenbka64 (17351 in chips, €9 bounty) 
Seat 5: guivess (5928 in chips, €9 bounty) 
Seat 6: IlyaxGod (6514 in chips, €9 bounty) is sitting out
Seat 7: seopro1 (26071 in chips, €13.50 bounty) 
Seat 8: carlosdesa1 (37935 in chips, €18 bounty) 
Seat 9: Squeezamos (4593 in chips, €9 bounty) 
PN7030: posts the ante 30
deiraisetonuts: posts the ante 30
mouradinio76: posts the ante 30
vitenbka64: posts the ante 30
guivess: posts the ante 30
IlyaxGod: posts the ante 30
seopro1: posts the ante 30
carlosdesa1: posts the ante 30
Squeezamos: posts the ante 30
mouradinio76: posts small blind 125
vitenbka64: posts big blind 250
*** HOLE CARDS ***
Dealt to deiraisetonuts [Jh Ks]
guivess: folds 
IlyaxGod: folds 
seopro1: folds 
carlosdesa1: raises 250 to 500
Squeezamos: folds 
PN7030: folds 
deiraisetonuts: calls 500
mouradinio76: calls 375
vitenbka64: folds 
*** FLOP *** [7s 8s 6d]
mouradinio76: bets 500
carlosdesa1: raises 997 to 1497
deiraisetonuts: folds 
mouradinio76: calls 997
*** TURN *** [7s 8s 6d] [Qh]
mouradinio76: checks 
carlosdesa1: checks 
*** RIVER *** [7s 8s 6d Qh] [5h]
mouradinio76: bets 250
carlosdesa1: calls 250
*** SHOW DOWN ***
mouradinio76: shows [Ah 8c] (a pair of Eights)
carlosdesa1: shows [Js Jc] (a pair of Jacks)
carlosdesa1 collected 5514 from pot
*** SUMMARY ***
Total pot 5514 | Rake 0 
Board [7s 8s 6d Qh 5h]
Seat 1: PN7030 folded before Flop (didn't bet)
Seat 2: deiraisetonuts (button) folded on the Flop
Seat 3: mouradinio76 (small blind) showed [Ah 8c] and lost with a pair of Eights
Seat 4: vitenbka64 (big blind) folded before Flop
Seat 5: guivess folded before Flop (didn't bet)
Seat 6: IlyaxGod folded before Flop (didn't bet)
Seat 7: seopro1 folded before Flop (didn't bet)
Seat 8: carlosdesa1 showed [Js Jc] and won (5514) with a pair of Jacks
Seat 9: Squeezamos folded before Flop (didn't bet)



PokerStars Hand #248820625377: Tournament #3710074788, €9+€9+€2 EUR Hold'em No Limit - Level VIII (125/250) - 2024/02/11 14:02:06 BRT [2024/02/11 12:02:06 ET]
Table '3710074788 12' 9-max Seat #3 is the button
Seat 1: PN7030 (14344 in chips, €9 bounty) 
Seat 2: deiraisetonuts (4549 in chips, €9 bounty) 
Seat 3: mouradinio76 (14349 in chips, €9 bounty) 
Seat 4: vitenbka64 (17071 in chips, €9 bounty) 
Seat 5: guivess (5898 in chips, €9 bounty) 
Seat 6: IlyaxGod (6484 in chips, €9 bounty) is sitting out
Seat 7: seopro1 (26041 in chips, €13.50 bounty) 
Seat 8: carlosdesa1 (41172 in chips, €18 bounty) 
Seat 9: Squeezamos (4563 in chips, €9 bounty) 
PN7030: posts the ante 30
deiraisetonuts: posts the ante 30
mouradinio76: posts the ante 30
vitenbka64: posts the ante 30
guivess: posts the ante 30
IlyaxGod: posts the ante 30
seopro1: posts the ante 30
carlosdesa1: posts the ante 30
Squeezamos: posts the ante 30
vitenbka64: posts small blind 125
guivess: posts big blind 250
*** HOLE CARDS ***
Dealt to deiraisetonuts [2d 9h]
IlyaxGod: folds 
seopro1: folds 
carlosdesa1: folds 
Squeezamos: folds 
PN7030: folds 
deiraisetonuts: folds 
mouradinio76: raises 250 to 500
vitenbka64: folds 
guivess has timed out
guivess: folds 
guivess is sitting out
Uncalled bet (250) returned to mouradinio76
mouradinio76 collected 895 from pot
*** SUMMARY ***
Total pot 895 | Rake 0 
Seat 1: PN7030 folded before Flop (didn't bet)
Seat 2: deiraisetonuts folded before Flop (didn't bet)
Seat 3: mouradinio76 (button) collected (895)
Seat 4: vitenbka64 (small blind) folded before Flop
Seat 5: guivess (big blind) folded before Flop
Seat 6: IlyaxGod folded before Flop (didn't bet)
Seat 7: seopro1 folded before Flop (didn't bet)
Seat 8: carlosdesa1 folded before Flop (didn't bet)
Seat 9: Squeezamos folded before Flop (didn't bet)



